2817 5009
549 468 592 532 97

98 669 164 735 qne
196 646 325 713 mutavi.
372 647 454 713 Nam
481 650 550 733 jam
583 645 709 714 duobus
741 647 831 715 sanus
858 645 968 727 libris,
1003 639 1038 705 it!

95 762 243 850 quibua,
287 759 526 828 novendialibus
570 764 606 828 iis
633 763 741 845 feriis,
774 786 855 853 quae
907 760 1040 827 luerunt

60 874 305 943 -Tuditano
335 891 369 941 et
404 875 573 965 Aquilio
595 876 800 960 oonsulibus,
835 892 1039 943 sermoeata

91 1011 148 1054 me
170 991 334 1056 institutue
355 990 572 1075 Africani,
596 991 703 1084 paullo
731 1006 804 1058 aute
826 1006 985 1072 mortem,
1006 1003 1040 1055 et

90 1105 250 1188 Laelii,
275 1105 406 1188 Phili,
441 1107 704 1198 Manilii‚·Q.
738 1104 971 1175 Tuberonis
1005 1119 1038 1171 et

88 1219 230 1285 Laelii
250 1243 454 1306 generorum,
475 1225 623 1291 Fannii
644 1240 677 1290 et
699 1221 937 1307 Scaevolae:
967 1243 1038 1287 aer-

87 1348 273 1399 meantem
293 1335 328 1401 in
348 1359 462 1404 novem
486 1352 519 1404 et
542 1335 608 1403 dien
631 1353 664 1403 et
684 1336 780 1405 libros
800 1335 987 1405 distributus
997 1334 1039 1403 de

87 1446 214 1535 optimo
235 1466 316 1516 natu
337 1453 468 1521 civitatis
491 1467 525 1519 et
546 1450 587 1520 de
605 1454 730 1543 optimo
752 1455 836 1523 nivea
860 1464 1036 1520 atnetexe-

88 1565 186 1629 batur
212 1589 293 1652 opus
325 1564 526 1649 luculenter,
563 1569 800 1662 hominumque
819 1568 954 1658 dignitas
973 1567 1034 1637 ali-

90 1695 249 1769 quantum
280 1685 415 1749 emtioni
440 1682 591 1775 ponderis
628 1686 785 1753 afferebat.
804 1723 849 1739 —·
881 1686 923 1751 lli
945 1682 1031 1752 'libn‘

89 1820 168 1860 cum
186 1798 221 1861 in
243 1794 425 1862 Tusculano
443 1796 523 1861 mihi
541 1795 745 1883 legerentur,
778 1794 925 1863 audiente
945 1796 1034 1863 Sal·
1098 1876 1108 1889 ‘

89 1913 235 1993 lustin,
258 1909 437 1979 admonitus
455 1935 525 1979 aum
547 1914 588 1979 ab
612 1912 687 1996 illo,
710 1910 810 1981 multo
834 1915 952 2000 majore
972 1936 1034 1981 au·

90 2030 234 2095 cortun
263 2027 321 2093 illis
341 2025 382 2093 de
403 2028 499 2093 rebus
522 2026 586 2095 dici
610 2052 720 2120 posse,
743 2031 769 2095 si
789 2033 859 2119 qaue
879 2030 1034 2117 loquerer

89 2140 133 2205 de
161 2164 196 2205 re
219 2140 371 2231 publiea3
396 2145 579 2233 praesertim
601 2167 675 2211 cum
692 2166 790 2211 essem
814 2166 880 2212 nou
910 2144 1033 2211 Hera-

91 2252 227 2321 clides
259 2257 466 2342 Ponticus,
498 2256 552 2325 sed
581 2260 750 2326 consularis
777 2276 810 2328 et
844 2261 888 2345 is,
914 2259 1032 2351 quiin

90 2372 233 2437 maximia
255 2388 390 2438 versatus
407 2375 442 2439 iu
458 2398 492 2441 re
504 2374 631 2467 publiea
643 2379 741 2444 rebus
753 2400 861 2445 essenii
877 2392 1034 2467 quactum

90 2484 230 2573 antiquis
266 2484 450 2554 hominibus
468 2491 693 2574 attribuerem,
717 2515 751 2559 ea
771 2493 873 2559 visum
896 2493 934 2559 iri
956 2491 1034 2585 iloto
1113 2562 1115 2567 ,

89 2623 173 2666 esse:
209 2604 381 2669 oratorium
408 2628 584 2673 sermonem
616 2609 650 2672 in
685 2606 744 2672 illis
780 2608 892 2675 nostris
921 2606 1033 2691 libris,

91 2714 180 2803 quod
215 2733 293 2781 esset
320 2717 361 2782 de
382 2726 500 2786 ratione
521 2720 673 2803 dicendi,
703 2720 783 2788 belle
803 2748 821 2787 a
845 2746 895 2788 me
922 2744 1032 2790 remo-

90 2832 192 2913 visse3
217 2828 258 2894 ad
280 2853 332 2895 eos
355 2847 459 2898 tamen
481 2836 648 2917 retulisse,
673 2861 752 2925 quos
772 2840 839 2931 ipse
861 2837 1029 2906 vidissem:

91 2943 364 3012 Aristotelem
404 2943 572 3037 denique,
615 2974 695 3036 quae
725 2950 766 3015 de
787 2976 822 3016 ae
843 2952 971 3041 publiea
1000 2970 1034 3019 et

92 3075 268 3151 praestante
301 3059 368 3124 vito
389 3058 531 3143 scribat,
568 3064 677 3150 quanm
707 3064 806 3151 loqui.
853 3065 1034 3130 Commovit

92 3201 161 3261 me,
193 3192 226 3241 et
255 3198 293 3241 eo
325 3176 441 3263 magia,
475 3175 563 3267 quod
588 3179 739 3246 maximos
772 3197 874 3249 motus
910 3195 1033 3248 nostrae

94 3290 224 3359 civitatis
252 3290 402 3377 attingere
434 3316 500 3359 nou
518 3310 681 3386 poteram,
700 3294 806 3389 'quod
829 3312 921 3365 erant
942 3294 1029 3365 infe·

94 3411 211 3493 tiores,
233 3434 331 3499 quam
351 3408 475 3475 illorum
494 3430 592 3496 aetas,
618 3418 676 3505 qui
695 3416 920 3507 loquebantur.
939 3438 942 3449 “
964 3417 1033 3505 Ego

94 3542 198 3591 autem
228 3523 262 3589 id
297 3526 402 3616 ipsum
432 3540 500 3589 tum
531 3550 615 3592 eram
641 3549 781 3609 secutus,
808 3557 849 3599 ne
870 3534 904 3599 in
926 3550 1032 3600 nostra

94 3658 235 3730 tempora
255 3640 440 3724 incurrens,
462 3637 654 3705 offenderem
686 3646 879 3734 qnempiam.
934 3648 1031 3716 Nunc

95 3773 126 3821 et
165 3752 200 3819 id
222 3754 346 3839 vitabo,
384 3769 416 3819 et
437 3755 558 3841 loquor
580 3758 651 3842 epae
675 3760 804 3824 tecum''
822 3758 880 3843 (l).
925 3762 1028 3831 Novi-

99 3933 314 3950 nnn—u—uv

137 4052 177 4125 (l)
200 4047 249 4120 111,
271 4046 324 4123 Ep.
348 4047 380 4104 5.
