2817 5009
809 450 853 517 96

356 635 421 706 dci
442 632 569 717 icleut,
596 656 637 699 ne
656 632 702 701 sic
727 630 821 699 etum
843 629 958 699 sentire
977 626 1123 712 vuum,
1146 648 1296 718 quumet

356 754 430 845 ipse.
443 755 484 824 sis
504 754 595 844 qussi
612 751 744 819 unicum
766 747 951 839 exemplum
973 749 1121 837 antiques
1130 750 1300 841 prebiteris

358 886 391 935 ec
414 867 513 952 fidei,
538 891 644 957 neque
662 866 705 932 sit
724 865 829 951 iguou
853 861 1116 933 comueudoua
1126 866 1308 935 marmus.

357 986 520 1077 inpmes
540 979 735 1062 duseoeudi,
758 977 846 1071 quud
868 978 1306 1061 iubcilbmevcruminw

359 1101 422 1167 uiri
452 1100 579 1191 putes·”
633 1091 846 1164 statuendum
877 1093 997 1181 Qum,
1039 1093 1192 1181 egregium
1214 1093 1309 1165 hue
1391 1098 1392 1135 ³

359 1212 481 1280 Phili
511 1210 760 1303 disputationem
793 1210 829 1277 in
864 1208 1038 1277 maximum
1059 1206 1157 1295 hujus
1176 1226 1300 1279 muse

359 1327 585 1419 dbquisiticnis
593 1324 823 1391 detrimentum
835 1347 934 1416 peeue
947 1338 1045 1391 tcum
1057 1324 1224 1410 intersim
1236 1350 1296 1414 sp·

358 1458 451 1535 pinet
483 1441 571 1508 enim
602 1464 643 1506 ex
664 1439 727 1507 boc
750 1439 839 1523 loco,
871 1462 963 1524 eum,
986 1462 1053 1507 non
1072 1439 1178 1510 minus
1201 1464 1299 1531 quun

216 1619 222 1627 .
360 1555 607 1625 Antonium
626 1556 661 1622 in
679 1554 767 1623 libris
791 1553 832 1621 de
853 1557 1011 1639 Oratore,
1035 1555 1071 1621 iu
1106 1554 1164 1641 h'ul
1187 1552 1230 1623 de
1252 1557 1297 1623 Rc

359 1672 488 1773 publici
511 1672 723 1769 Ἀριςοτέλειον
737 1681 901 1770 πρόσωπον,
927 1696 964 1747 ut
983 1682 1025 1747 iu
1044 1679 1172 1763 dicem,
1195 1682 1297 1768 egias.

284 1857 287 1866 ,
360 1798 399 1865 Iu
408 1818 521 1883 genere
533 1792 719 1879 tenendum,
743 1795 990 1885 quibuscunque
1000 1792 1127 1882 dialogis
1139 1795 1298 1865 Cicero

360 1917 395 1981 in
420 1930 589 2005 utrumque
609 1929 734 2004 purtem
754 1911 898 1999 disserit,
921 1936 996 1981 eum
1021 1914 1165 1984 conabo
1181 1918 1219 1985 iis
1242 1918 1298 1985 ule

361 2042 515 2131 πρόσωπον
535 2041 759 2109 immiscuisset
782 2041 827 2108 sic
848 2041 884 2107 in
905 2040 992 2109 libris
1013 2039 1055 2109 de
1075 2042 1208 2111 Finibus
1231 2047 1297 2113 Pi·

361 2181 425 2239 so,
446 2158 489 2222 de
508 2159 628 2223 Natura
652 2158 793 2221 Deorum
809 2156 958 2239 Cotta,
983 2158 1041 2247 qui
1058 2160 1126 2245 jum
1144 2158 1189 2227 ‚dc
1212 2162 1298 2228 Ors-

320 2263 327 2277 ’
361 2288 428 2338 tore
441 2270 513 2359 (l),
537 2286 695 2358 quantum
716 2268 793 2338 baec
815 2270 895 2336 ratic
915 2271 948 2347 ei,
967 2271 1139 2363 placuerit,
1161 2272 1299 2345 dilucide

361 2385 561 2471 ostenderet,
585 2385 648 2455 boc
670 2409 802 2453 munere
822 2384 1013 2474 funguntur.

405 2514 551 2581 Cicero
570 2512 605 2579 in
626 2510 783 2587 πολιτικοῖς
814 2514 876 2580 suis
897 2514 1131 2583 conscribendis
1155 2514 1245 2584 valde
1267 2542 1300 2587 se

312 2636 314 2639 ’
359 2628 510 2696 laborasse
542 2625 666 2694 duabus
697 2624 737 2692 ed
760 2626 975 2717 Quintum
999 2629 1128 2697 fratrem
1150 2632 1299 2725 Epistolis

358 2746 495 2831 ingenue
522 2742 714 2811 confitetur:
761 2742 981 2824 „Scribebsm
1008 2744 1082 2829 ills,
1103 2770 1184 2837 quac
1204 2746 1296 2814 dixe-

358 2893 428 2935 ram
450 2864 602 2951 πολιτικᾶ,
623 2866 758 2955 spissum
777 2890 852 2935 sune
869 2892 950 2958 opus
971 2885 1005 2937 et
1021 2892 1198 2963 operosum.
1223 2870 1297 2957 Sed,

358 2986 385 3052 si
408 3009 448 3052 ex
470 2982 622 3050 sententia
647 2984 846 3067 successerit,
879 2985 962 3052 bene
984 2988 1043 3089 erit
1068 3010 1164 3080 opera
1187 2990 1295 3079 posits.

359 3100 418 3171 Sin
447 3102 573 3183 minus,
594 3100 630 3165 iu
648 3096 728 3165 illud
752 3100 859 3191 ipsum
874 3124 960 3167 mare
981 3099 1185 3190 dejiciemus,
1209 3100 1297 3196 quod

357 3233 533 3309 spectantes
563 3216 741 3284 scribimus.
791 3203 1022 3303 Aggrediemur
1042 3220 1124 3305 elia,
1147 3223 1298 3311 quoniam

358 3334 516 3423 quiescere
525 3352 591 3396 non
600 3332 789 3418 possumus''
801 3328 895 3422 (2)-
919 3384 945 3425 „
958 3334 1059 3426 Quod
1071 3338 1204 3429 quaeris,
1218 3336 1297 3429 quid

358 3446 400 3514 de
425 3446 483 3511 illis
507 3442 596 3511 libris
614 3443 752 3530 egerim,
783 3470 879 3539 quos,
913 3475 1017 3541 quum
1044 3474 1141 3519 asem
1161 3453 1197 3518 in
1224 3452 1297 3519 cu.

357 3584 477 3643 manc,
495 3560 635 3627 scribere
653 3559 799 3647 institui,
822 3588 888 3631 non
910 3566 1046 3650 cessavi,
1073 3589 1178 3657 neque
1199 3588 1294 3634 cessus

356 3676 413 3745 sed
434 3700 525 3767 saepe
541 3677 610 3763 jam
629 3676 791 3745 scribendi
813 3694 915 3751 totum
939 3680 1103 3749 consilium
1120 3682 1294 3750 rationem-

371 3932 442 4008 Δ(ι)
469 3929 517 4007 ιιι,
556 3932 609 3992 ss.
633 3932 678 3992 cs.
713 3934 785 4015 usp.
815 3956 844 3997 ιι.
870 3958 900 4019 p.
930 3940 983 4000 ss.
1029 3940 1069 4016 (ι)
1090 3932 1152 4000 ιιι.
1178 3938 1215 4014 ιι,
1241 3938 1293 4016 sp.

360 4044 409 4103 ιι.
432 4040 476 4126 cs.
510 4040 536 4100 s.
563 4042 600 4102 s.
626 4042 661 4101 e.
686 4062 752 4105 van
779 4044 940 4124 neusse,
966 4048 1000 4110 ο.
1024 4048 1043 4107 ι.
1067 4068 1097 4125 ρ.
1127 4047 1199 4125 sss,
1221 4046 1293 4106 sss.
