2817 5009
578 461 616 532 13

135 664 233 733 quam
274 660 308 709 nt
349 644 377 709 ei
412 641 564 709 contiuuo
595 638 752 729 miiiugmi
781 644 918 731 pcesim3
955 645 1072 709 nititur

134 760 220 823 enim
245 755 677 849 supposita'Alexandt·i
705 758 745 824 ad
776 760 1068 828 Aristotelem

132 874 275 965 Epistola
301 873 361 963 (l).

180 990 330 1056 Buhlii
361 988 555 1081 aliorumque
581 992 795 1081 interpretum
828 995 1013 1073 sententias,
1051 1020 1069 1058 a

134 1103 324 1170 Stahrio
350 1106 417 1191 jam
446 1108 534 1191 justo
557 1105 660 1195 pretio
696 1105 889 1189 aestimatus,
921 1122 1066 1198 praeter-

133 1220 253 1297 mitto,
279 1236 313 1285 ut
334 1218 372 1285 ad
394 1222 618 1289 recentissimas
644 1222 812 1287 Ritteri
833 1239 866 1288 et
893 1220 1068 1289 Madvi-

134 1336 197 1421 gii
231 1336 380 1404 continuo
403 1335 560 1404 accedam.

178 1456 299 1541 Ingenii
318 1456 463 1523 acumine
483 1457 616 1523 mxime
635 1478 667 1521 se
689 1454 912 1537 commendat,
936 1471 972 1520 nt
992 1455 1071 1520 mihi

135 1568 266 1659 quidem
311 1568 459 1655 videtur,
510 1569 643 1637 liberalis
688 1569 768 1636 iliius
812 1572 965 1636 sententia
1001 1570 1067 1658 (2)=

136 1688 201 1769 „Es
221 1696 304 1753 wdre
325 1686 407 1753 wohl
429 1685 589 1773 miiglich,
622 1684 691 1753 dass
725 1686 987 1755 Aristoteles
1010 1711 1072 1751 nm·

135 1801 187 1867 die
226 1800 539 1887 Uutersuchungeu‚
592 1800 710 1867 welche
752 1800 930 1866 aussenhulb
973 1804 1074 1867 seiueu

136 1932 244 2001 streug
265 1912 582 1981 wissemchaitliehen
601 1914 756 1999 Vortrttge
779 1912 891 1999 liegen,
915 1915 960 1979 im
984 1914 1075 2001 Auge

137 2031 253 2117 gehabt
285 2030 393 2115 hatte,
424 2052 517 2097 weun
559 2052 594 2095 er
625 2006 937 2096 von‘exotcrischen
962 2027 1074 2097 Reden

137 2146 275 2239 speech,
311 2145 380 2213 dass
416 2144 481 2213 dies
514 2147 588 2211 aber
608 2144 730 2213 sodauu
748 2144 812 2211 deu
829 2145 968 2234 Spitem
987 2147 1074 2212 Ven-

138 2258 304 2345 anlassuug
333 2284 373 2325 zu
405 2258 733 2327 Miasveruundnissan
778 2282 915 2347 gewesen
945 2269 1037 2326 wire.
1053 2261 1078 2295 ‘⁴

139 2376 255 2441 Censet
293 2375 390 2463 igitur
434 2375 683 2443 Aristotelis
721 2377 838 2467 scripta
885 2373 1075 2465 philosophe

140 2507 292 2578 tanquam
334 2507 466 2583 systema
504 2493 567 2559 sive
608 2491 761 2559 circulum
806 2490 968 2582 quendam
1011 2514 1077 2557 esse

141 2606 390 2691 consideranda,
419 2632 544 2700 exque
576 2618 614 2681 τὰ
639 2614 794 2707 ἑξωτερικά
815 2608 955 2675 excludit
967 2638 978 2695 3
1000 2633 1075 2676 om-

143 2736 280 2825 niaque,
339 2757 420 2825 quae
461 2734 495 2798 in
533 2737 594 2800 suis
637 2735 764 2823 scriptis
801 2732 1077 2801 Aristoteles

144 2850 210 2938 ipse
234 2848 302 2913 loca
322 2846 447 2929 laudat,
472 2848 580 2937 paucis
605 2850 767 2937 exeeptis,
804 2872 841 2915 eo
862 2846 1079 2939 comprehen-

145 2960 251 3028 denda
267 2963 294 3027 ei
307 2960 465 3029 videntur.
492 2963 591 3046 Huic,
603 2963 665 3029 sive
685 2962 803 3030 circulo
815 3012 825 3044 ,
835 2965 897 3029 sive
913 2962 1081 3053 systemati,

145 3095 288 3146 accenset
320 3102 416 3173 opera
456 3078 611 3171 physica,
651 3078 881 3169 metaphysica,
915 3076 1013 3142 libros
1041 3073 1082 3142 de

145 3198 268 3277 anima,
303 3196 420 3287 scripta
453 3194 550 3283 logica
592 3192 883 3283 (Aristotelis
905 3209 941 3258 nt
963 3190 1082 3261 dicitur

146 3314 312 3411 ὄργανον),
358 3311 554 3395 rhetoricos,
590 3310 754 3405 politicos,
804 3308 923 3375 ethicos
961 3307 1079 3393 libros,

147 3444 306 3535 poeticam
328 3457 380 3524 et,
416 3464 497 3533 quae
525 3442 618 3507 etiam
650 3465 740 3507 nunc
769 3453 963 3533 supersunt,
998 3460 1081 3526 pro-

147 3560 281 3627 blemata
294 3588 312 3645 3,
348 3555 483 3645 dialogos
515 3556 627 3643 igitur,
648 3579 802 3645 ¹quorum
842 3552 938 3620 hodie
957 3560 960 3565 ’
982 3577 1082 3642 pauca

150 3705 274 3755 tantum
296 3686 481 3773 ¹fragmenta
503 3696 645 3766 exstant,
668 3685 763 3749 unice
796 3678 836 3746 ad
858 3679 922 3755 τοὺς
945 3677 1084 3771 ἐξωτερι-

146 3918 394 3935 m

193 4057 232 4133 (i)
261 4054 306 4115 cf.
322 4055 395 4132 disp.
416 4065 488 4114 nost.
504 4073 534 4131 p.
555 4054 586 4130 9,
605 4065 670 4114 ncta
685 4052 717 4111 ἓ.
754 4053 793 4130 (2)
814 4051 850 4111 0.
868 4054 889 4110 Ι.
913 4070 942 4127 p.
959 4050 1000 4107 ῃ
1020 4066 1085 4127 sqq«
