2817 5009
838 525 899 593 120

398 712 440 777 ita
478 709 634 776 Cicero
665 732 762 778 norae
793 711 860 795 ejus
896 708 1074 775 tractandae
1100 714 1232 779 rationis
1255 713 1342 805 apud

398 828 555 893 Romanos
578 842 686 894 auctor
710 824 790 907 suit3
819 826 976 894 Romanos
1003 828 1110 912 enim,
1136 830 1194 919 qui
1214 829 1340 895 annuli-

399 943 460 1009 bus
478 941 714 1010 conscribendis
739 958 839 1010 totum
863 940 1007 1008 historiae
1027 967 1146 1012 munus
1160 945 1339 1013 absolutum

399 1080 464 1126 esse
495 1058 736 1138 existimabant,
769 1056 924 1144 exagitans
957 1054 1028 1143 (l),
1062 1060 1223 1143 Graecos,
1271 1060 1337 1127 elo-

401 1174 562 1263 quentiam
581 1198 655 1240 cum
677 1173 803 1239 historia
829 1174 1081 1259 conjungentes,
1105 1177 1239 1242 maxime
1258 1177 1336 1241 imi-

400 1286 514 1355 tandos
540 1311 604 1353 esse
639 1305 763 1355 censet:
812 1336 836 1371 „
853 1287 921 1373 Age
941 1310 1034 1371 vero,
1073 1291 1335 1381 inquitAuto-

399 1404 503 1469 nius
528 1402 598 1490 (2),
640 1401 740 1495 qualis
763 1404 908 1483 oratoris,
943 1418 975 1469 et
996 1407 1108 1494 quanti
1134 1405 1273 1474 hominis
1303 1410 1334 1473 iu

398 1517 559 1600 dicendo,
594 1534 685 1606 putas
703 1540 790 1600 esse,
814 1517 976 1585 historiam
1001 1522 1165 1589 scribere?
1224 1524 1280 1606 Si,
1302 1540 1335 1589 ut

399 1640 513 1706 Graeci
534 1638 748 1731 scripserunt,
771 1640 908 1719 summi,
930 1638 1038 1728 inquit
1060 1638 1265 1708 Catulus:
1291 1642 1333 1723 si,

397 1768 435 1818 ut
469 1754 588 1831 nostri,
620 1752 702 1818 nibil
730 1775 810 1845 opus
843 1768 889 1819 est
916 1769 1058 1821 oratore:
1084 1756 1157 1821 satis
1179 1772 1249 1839 est,
1271 1780 1332 1823 non

397 1894 462 1937 esse
479 1867 676 1937 mendacem
694 1907 741 1919 -
761 1869 862 1935 Nemo
880 1868 966 1934 enim
999 1867 1106 1935 studet
1140 1870 1334 1963 eloquentiae

396 2004 578 2058 nnsmorum
608 1987 797 2071 bominum,
833 1986 892 2053 uisi
927 2003 964 2051 ut
994 1988 1028 2053 in
1064 1990 1163 2056 causis
1186 2007 1282 2079 atquc
1301 1992 1331 2055 in

354 2156 358 2161 ι
398 2106 469 2174 foro
501 2106 641 2173 eluceat:
672 2103 759 2195 apud
796 2104 932 2173 Graecos
967 2118 1070 2171 autem
1091 2104 1333 2196 eloquentissimi

395 2222 560 2301 homines,
579 2222 692 2288 remoti
712 2246 728 2283 a
753 2222 849 2285 causis
869 2218 1068 2304 forensibus,
1092 2246 1198 2312 quum
1216 2222 1258 2290 ad
1278 2248 1330 2290 ce·

342 2401 344 2406 ,
396 2355 476 2405 teras
510 2359 558 2402 res
588 2335 742 2418 illustres,
785 2353 852 2402 tum
881 2333 921 2400 ad
953 2334 1154 2405 scribendam
1175 2338 1331 2407 historiam

394 2455 530 2522 maxime
560 2477 592 2519 se
624 2452 896 2544 applicaverunt.”
954 2450 1053 2541 Quod
1086 2474 1207 2545 quum,
1239 2456 1331 2523 allatis
1387 2462 1388 2465 ’

393 2573 581 2663 principum
600 2571 796 2640 Graecorum
817 2566 1039 2635 historicorum
1050 2568 1225 2660 exemplis,
1250 2594 1329 2641 oon·

396 2690 551 2757 firmasset
586 2686 816 2755 Antonius:
866 2681 1055 2781 „Videtisne
1067 2687 1102 2768 ,'’
1131 2687 1240 2777 inquit
1264 2688 1329 2777 (3),

397 2824 582 2897 „quantum
603 2827 719 2871 munus
743 2805 786 2869 sit
807 2808 934 2871 oratoris
957 2801 1114 2872 historia?
1138 2804 1234 2873 Haud
1245 2810 1326 2890 scio,
1386 2788 1387 2796 ἵ

381 2948 438 3004 ¹sn
469 2922 603 3018 flumine
634 2920 803 3004 orationis,
830 2936 862 2985 et
884 2921 1029 2987 varietate
1049 2922 1247 3009 maximum3
1271 2948 1326 2993 ne·

383 3043 462 3135 sque
490 3058 593 3111 temen
622 3063 690 3107 eam
716 3039 842 3130 reperio
865 3060 997 3127 usquam
1017 3038 1182 3127 separatim
1210 3040 1325 3109 iustru-

396 3177 481 3228 ctam
493 3158 663 3229 'rhetorum
676 3155 858 3247 praeceptis.
868 3189 914 3205 -
935 3154 1016 3219 Nam
1029 3154 1102 3241 quis
1113 3154 1234 3239 nescit,
1258 3160 1325 3246 pri·

396 3302 482 3343 nram
512 3298 577 3341 esse
608 3273 752 3338 historiae
784 3268 902 3357 legem,
945 3292 987 3335 ne
1019 3267 1100 3359 quid
1134 3270 1203 3339 salsi
1228 3272 1326 3343 dicere

395 3391 537 3456 audeat?
571 3386 687 3453 deinde
709 3410 750 3454 ne
773 3382 853 3474 quid
878 3386 943 3451 reri
965 3408 1031 3451 non
1056 3384 1194 3455 audeat?
1213 3414 1323 3483 nequa

394 3512 530 3604 suspicio
549 3507 714 3599 gratiacsit
727 3504 965 3577 inscribendo?
989 3530 1030 3571 ne
1040 3530 1103 3596 qua
1111 3508 1323 3579 simultatis''?

442 3630 526 3697 Haec
548 3626 648 3716 prima
673 3619 817 3689 historiae
852 3620 923 3703 lex,
952 3645 1065 3688 verum
1091 3648 1113 3689 a
1134 3624 1235 3709 salso
1270 3628 1321 3695 di.

384 3803 623 3821 m·

434 3918 475 3994 (l)
498 3916 534 3975 ds
562 3914 642 3975 Orat.
674 3916 709 3990 ll,
740 3912 788 3989 12,
813 3912 848 3972 de
873 3912 957 3993 Legg.
985 3914 1007 3989 Ι,
1042 3915 1072 3973 2.
1120 3914 1158 3991 (il
1182 3917 1217 3977 de
1246 3916 1318 3978 Orat.

392 4029 435 4104 ll,
461 4027 508 4094 1⁶2,
534 4025 582 4085 13.
628 4026 667 4101 (ὅ)
693 4025 764 4083 lbid.
793 4042 819 4083 c.
843 4026 891 4084 45.
918 4024 970 4082 cn.
1000 4022 1078 4083 Orat.
1105 4043 1130 4084 c.
1162 4027 1318 4104 20,Brut.

389 4162 415 4200 c.
448 4140 487 4199 43
508 4137 537 4198 in
560 4136 581 4195 i.
