<?xml version="1.0" encoding="UTF-8"?>
<!DOCTYPE html PUBLIC "-//W3C//DTD XHTML 1.0 Transitional//EN"
    "http://www.w3.org/TR/xhtml1/DTD/xhtml1-transitional.dtd">
<html xmlns="http://www.w3.org/1999/xhtml" xml:lang="en" lang="en">
 <head>
  <title>
</title>
<meta http-equiv="Content-Type" content="text/html;charset=utf-8" />
  <meta name='ocr-system' content='tesseract 3.04.00' />
  <meta name='ocr-capabilities' content='ocr_page ocr_carea ocr_par ocr_line ocrx_word'/>
</head>
<body>
  <div class='ocr_page' id='page_1' title='image "./disquisitiocrit02baumgoog_0132.png"; bbox 0 0 2817 5009; ppageno 0'>
   <div class='ocr_carea' id='block_1_1' title="bbox 731 438 933 519">
    <p class='ocr_par' dir='ltr' id='par_1_1' title="bbox 731 438 933 519">
     <span class='ocr_line' id='line_1_1' title="bbox 731 438 933 519; baseline 0 -14"><span class='ocrx_word' id='word_1_1' title='bbox 731 438 848 506; x_wconf 22' lang='lat'><strong>³110</strong></span> <span class='ocrx_word' id='word_1_2' title='bbox 930 514 933 519; x_wconf 48' lang='grc'>,</span> 
     </span>
    </p>
   </div>
   <div class='ocr_carea' id='block_1_2' title="bbox 379 614 1301 717">
    <p class='ocr_par' dir='ltr' id='par_1_2' title="bbox 379 614 1301 717">
     <span class='ocr_line' id='line_1_2' title="bbox 379 614 1301 717; baseline -0.014 -22"><span class='ocrx_word' id='word_1_3' title='bbox 379 627 418 695; x_wconf 88' lang='grc' dir='ltr'><strong>Ιιι</strong></span> <span class='ocrx_word' id='word_1_4' title='bbox 442 625 503 694; x_wconf 79' lang='lat' dir='ltr'><strong>hae</strong></span> <span class='ocrx_word' id='word_1_5' title='bbox 522 641 630 717; x_wconf 80' lang='lat' dir='ltr'><strong>parte,</strong></span> <span class='ocrx_word' id='word_1_6' title='bbox 653 638 691 689; x_wconf 88' lang='lat' dir='ltr'><strong>nt</strong></span> <span class='ocrx_word' id='word_1_7' title='bbox 714 624 756 688; x_wconf 83' lang='lat' dir='ltr'><strong>ita</strong></span> <span class='ocrx_word' id='word_1_8' title='bbox 775 620 898 703; x_wconf 80' lang='lat' dir='ltr'><strong>dinam,</strong></span> <span class='ocrx_word' id='word_1_9' title='bbox 921 619 955 684; x_wconf 88' lang='lat' dir='ltr'><strong>in</strong></span> <span class='ocrx_word' id='word_1_10' title='bbox 967 632 1089 685; x_wconf 78' lang='lat' dir='ltr'><strong>oratore</strong></span> <span class='ocrx_word' id='word_1_11' title='bbox 1099 614 1301 693; x_wconf 80' lang='lat' dir='ltr'><strong>vestiendo,</strong></span> 
     </span>
    </p>
   </div>
   <div class='ocr_carea' id='block_1_3' title="bbox 332 730 1305 943">
    <p class='ocr_par' dir='ltr' id='par_1_3' title="bbox 332 730 1305 943">
     <span class='ocr_line' id='line_1_3' title="bbox 332 730 1304 819; baseline -0.015 -8"><span class='ocrx_word' id='word_1_12' title='bbox 332 744 477 811; x_wconf 80' lang='lat' dir='ltr'><strong>Cicero</strong></span> <span class='ocrx_word' id='word_1_13' title='bbox 499 764 539 807; x_wconf 85' lang='lat' dir='ltr'><strong>ex</strong></span> <span class='ocrx_word' id='word_1_14' title='bbox 567 735 810 808; x_wconf 68' lang='lat' dir='ltr'><strong>Aristotele</strong></span> <span class='ocrx_word' id='word_1_15' title='bbox 838 752 871 802; x_wconf 90' lang='lat' dir='ltr'><strong>et</strong></span> <span class='ocrx_word' id='word_1_16' title='bbox 903 734 1110 801; x_wconf 79' lang='lat' dir='ltr'><strong>Isocrate</strong></span> <span class='ocrx_word' id='word_1_17' title='bbox 1133 730 1304 819; x_wconf 44' lang='lat' dir='ltr'><strong>*profecit</strong></span> 
     </span>
     <span class='ocr_line' id='line_1_4' title="bbox 338 844 1305 943; baseline -0.014 -18"><span class='ocrx_word' id='word_1_18' title='bbox 338 850 484 925; x_wconf 77' lang='lat' dir='ltr'><strong>maxime.</strong></span> <span class='ocrx_word' id='word_1_19' title='bbox 548 856 611 922; x_wconf 81' lang='lat' dir='ltr'><strong>Has</strong></span> <span class='ocrx_word' id='word_1_20' title='bbox 642 868 747 943; x_wconf 82' lang='lat' dir='ltr'><strong>partes</strong></span> <span class='ocrx_word' id='word_1_21' title='bbox 783 873 858 919; x_wconf 88' lang='lat' dir='ltr'><strong>eum</strong></span> <span class='ocrx_word' id='word_1_22' title='bbox 891 850 926 915; x_wconf 89' lang='lat' dir='ltr'><strong>in</strong></span> <span class='ocrx_word' id='word_1_23' title='bbox 957 848 1046 915; x_wconf 79' lang='lat' dir='ltr'><strong>libris</strong></span> <span class='ocrx_word' id='word_1_24' title='bbox 1071 844 1115 914; x_wconf 85' lang='lat' dir='ltr'><strong>de</strong></span> <span class='ocrx_word' id='word_1_25' title='bbox 1148 850 1305 913; x_wconf 77' lang='lat' dir='ltr'><strong>Oiatore</strong></span> 
     </span>
    </p>
   </div>
   <div class='ocr_carea' id='block_1_4' title="bbox 334 961 1301 1406">
    <p class='ocr_par' dir='ltr' id='par_1_4' title="bbox 334 961 1301 1406">
     <span class='ocr_line' id='line_1_5' title="bbox 336 961 1301 1054; baseline -0.01 -13"><span class='ocrx_word' id='word_1_26' title='bbox 336 975 478 1041; x_wconf 80' lang='lat' dir='ltr'><strong>Crasso</strong></span> <span class='ocrx_word' id='word_1_27' title='bbox 499 971 724 1052; x_wconf 77' lang='lat' dir='ltr'><strong>commisisset,</strong></span> <span class='ocrx_word' id='word_1_28' title='bbox 748 968 803 1035; x_wconf 85' lang='lat' dir='ltr'><strong>hio</strong></span> <span class='ocrx_word' id='word_1_29' title='bbox 827 963 957 1035; x_wconf 79' lang='lat' dir='ltr'><strong>dicendi</strong></span> <span class='ocrx_word' id='word_1_30' title='bbox 979 961 1114 1032; x_wconf 81' lang='lat' dir='ltr'><strong>modum</strong></span> <span class='ocrx_word' id='word_1_31' title='bbox 1122 964 1301 1054; x_wconf 85' lang='lat' dir='ltr'><strong>optimum</strong></span> 
     </span>
     <span class='ocr_line' id='line_1_6' title="bbox 334 1078 1299 1171; baseline -0.01 -16"><span class='ocrx_word' id='word_1_32' title='bbox 334 1110 410 1155; x_wconf 78' lang='lat' dir='ltr'><strong>eum</strong></span> <span class='ocrx_word' id='word_1_33' title='bbox 432 1110 497 1153; x_wconf 86' lang='lat' dir='ltr'><strong>ease</strong></span> <span class='ocrx_word' id='word_1_34' title='bbox 518 1086 640 1154; x_wconf 79' lang='lat' dir='ltr'><strong>sensuit</strong></span> <span class='ocrx_word' id='word_1_35' title='bbox 662 1084 736 1171; x_wconf 79' lang='lat' dir='ltr'><strong>(i)=</strong></span> <span class='ocrx_word' id='word_1_36' title='bbox 775 1085 856 1165; x_wconf 90' lang='lat' dir='ltr'><strong>„Ut</strong></span> <span class='ocrx_word' id='word_1_37' title='bbox 875 1082 1009 1163; x_wconf 80' lang='lat' dir='ltr'><strong>Latine,</strong></span> <span class='ocrx_word' id='word_1_38' title='bbox 1046 1094 1085 1147; x_wconf 84' lang='lat' dir='ltr'><strong>ut</strong></span> <span class='ocrx_word' id='word_1_39' title='bbox 1106 1078 1225 1169; x_wconf 83' lang='lat' dir='ltr'><strong>plane,</strong></span> <span class='ocrx_word' id='word_1_40' title='bbox 1251 1096 1299 1145; x_wconf 87' lang='lat' dir='ltr'><strong>ut</strong></span> 
     </span>
     <span class='ocr_line' id='line_1_7' title="bbox 336 1198 1297 1291; baseline -0.008 -22"><span class='ocrx_word' id='word_1_41' title='bbox 336 1216 467 1282; x_wconf 72' lang='lat' dir='ltr'><strong>mete,</strong></span> <span class='ocrx_word' id='word_1_42' title='bbox 500 1217 537 1266; x_wconf 89' lang='lat' dir='ltr'><strong>ut</strong></span> <span class='ocrx_word' id='word_1_43' title='bbox 555 1200 596 1267; x_wconf 83' lang='lat' dir='ltr'><strong>ad</strong></span> <span class='ocrx_word' id='word_1_44' title='bbox 617 1200 671 1286; x_wconf 85' lang='lat' dir='ltr'><strong>id,</strong></span> <span class='ocrx_word' id='word_1_45' title='bbox 710 1198 929 1291; x_wconf 83' lang='lat' dir='ltr'><strong>quodcunque</strong></span> <span class='ocrx_word' id='word_1_46' title='bbox 949 1213 1081 1285; x_wconf 82' lang='lat' dir='ltr'><strong>agetur,</strong></span> <span class='ocrx_word' id='word_1_47' title='bbox 1103 1213 1181 1285; x_wconf 86' lang='lat' dir='ltr'><strong>apte</strong></span> <span class='ocrx_word' id='word_1_48' title='bbox 1202 1220 1297 1264; x_wconf 86' lang='lat' dir='ltr'><strong>eon-</strong></span> 
     </span>
     <span class='ocr_line' id='line_1_8' title="bbox 335 1314 1297 1406; baseline -0.002 -26"><span class='ocrx_word' id='word_1_49' title='bbox 335 1329 550 1406; x_wconf 75' lang='lat' dir='ltr'><strong>gruenterqne</strong></span> <span class='ocrx_word' id='word_1_50' title='bbox 593 1315 773 1385; x_wconf 85' lang='lat' dir='ltr'><strong>dieamus·&#39;&#39;</strong></span> <span class='ocrx_word' id='word_1_51' title='bbox 828 1317 876 1382; x_wconf 86' lang='lat' dir='ltr'><strong>Ita</strong></span> <span class='ocrx_word' id='word_1_52' title='bbox 907 1338 1039 1405; x_wconf 85' lang='lat' dir='ltr'><strong>quoque</strong></span> <span class='ocrx_word' id='word_1_53' title='bbox 1062 1314 1297 1382; x_wconf 85' lang='lat' dir='ltr'><strong>Aristote-</strong></span> 
     </span>
    </p>
   </div>
   <div class='ocr_carea' id='block_1_5' title="bbox 337 1431 1296 1529">
    <p class='ocr_par' dir='ltr' id='par_1_5' title="bbox 337 1431 1296 1529">
     <span class='ocr_line' id='line_1_9' title="bbox 337 1431 1296 1529; baseline -0.01 -20"><span class='ocrx_word' id='word_1_54' title='bbox 337 1442 402 1509; x_wconf 85' lang='lat' dir='ltr'><strong>les</strong></span> <span class='ocrx_word' id='word_1_55' title='bbox 423 1436 498 1529; x_wconf 71' lang='lat'>(2)=</span> <span class='ocrx_word' id='word_1_56' title='bbox 536 1490 561 1525; x_wconf 87' lang='lat'><strong>‚‚</strong></span> <span class='ocrx_word' id='word_1_57' title='bbox 576 1431 691 1529; x_wconf 64' lang='grc' dir='ltr'><strong>Ὠρίὲω</strong></span> <span class='ocrx_word' id='word_1_58' title='bbox 716 1434 817 1515; x_wconf 79' lang='grc' dir='ltr'><strong>λέξεως</strong></span> <span class='ocrx_word' id='word_1_59' title='bbox 842 1440 931 1528; x_wconf 76' lang='grc' dir='ltr'><em>ἀρετὴ</em></span> <span class='ocrx_word' id='word_1_60' title='bbox 957 1446 1035 1529; x_wconf 78' lang='grc' dir='ltr'><em>σαφῆ</em></span> <span class='ocrx_word' id='word_1_61' title='bbox 1060 1436 1151 1525; x_wconf 78' lang='grc' dir='ltr'>εἶναι,</span> <span class='ocrx_word' id='word_1_62' title='bbox 1166 1477 1212 1492; x_wconf 89' lang='grc'><strong>--</strong></span> <span class='ocrx_word' id='word_1_63' title='bbox 1240 1432 1296 1503; x_wconf 81' lang='grc' dir='ltr'><strong>καὶ</strong></span> 
     </span>
    </p>
   </div>
   <div class='ocr_carea' id='block_1_6' title="bbox 225 1559 1298 3545">
    <p class='ocr_par' dir='ltr' id='par_1_6' title="bbox 225 1559 1298 3545">
     <span class='ocr_line' id='line_1_10' title="bbox 340 1559 1298 1654; baseline -0.004 -21"><span class='ocrx_word' id='word_1_64' title='bbox 340 1567 414 1653; x_wconf 73' lang='grc' dir='ltr'><strong>μήτε</strong></span> <span class='ocrx_word' id='word_1_65' title='bbox 452 1566 588 1635; x_wconf 76' lang='grc' dir='ltr'><strong>ταπεινὴν</strong></span> <span class='ocrx_word' id='word_1_66' title='bbox 630 1568 702 1650; x_wconf 76' lang='grc' dir='ltr'><strong><em>μήτε</em></strong></span> <span class='ocrx_word' id='word_1_67' title='bbox 727 1562 799 1654; x_wconf 78' lang='grc' dir='ltr'>ὑπὲρ</span> <span class='ocrx_word' id='word_1_68' title='bbox 826 1562 857 1630; x_wconf 80' lang='grc' dir='ltr'><strong>τὸ</strong></span> <span class='ocrx_word' id='word_1_69' title='bbox 882 1559 1017 1652; x_wconf 75' lang='grc' dir='ltr'>ἀξίωμα,</span> <span class='ocrx_word' id='word_1_70' title='bbox 1040 1560 1123 1627; x_wconf 75' lang='grc' dir='ltr'><strong>ἀλλὰ</strong></span> <span class='ocrx_word' id='word_1_71' title='bbox 1150 1564 1298 1653; x_wconf 76' lang='grc' dir='ltr'><em>πρέπον·</em></span> 
     </span>
     <span class='ocr_line' id='line_1_11' title="bbox 339 1681 1295 1777; baseline -0.003 -22"><span class='ocrx_word' id='word_1_72' title='bbox 339 1700 405 1755; x_wconf 73' lang='grc' dir='ltr'><strong>σαν·</strong></span> <span class='ocrx_word' id='word_1_73' title='bbox 426 1724 448 1739; x_wconf 88' lang='grc'>-</span> <span class='ocrx_word' id='word_1_74' title='bbox 473 1692 531 1753; x_wconf 85' lang='grc' dir='ltr'><strong>τῶν</strong></span> <span class='ocrx_word' id='word_1_75' title='bbox 555 1681 732 1775; x_wconf 73' lang='grc' dir='ltr'><em>δ’ὀνομᾶτων</em></span> <span class='ocrx_word' id='word_1_76' title='bbox 758 1688 806 1753; x_wconf 85' lang='grc' dir='ltr'><strong>καὶ</strong></span> <span class='ocrx_word' id='word_1_77' title='bbox 834 1688 970 1776; x_wconf 75' lang='grc' dir='ltr'>ῥημάτων</span> <span class='ocrx_word' id='word_1_78' title='bbox 995 1695 1072 1777; x_wconf 77' lang='grc' dir='ltr'>σαφῆ</span> <span class='ocrx_word' id='word_1_79' title='bbox 1089 1686 1142 1775; x_wconf 81' lang='grc' dir='ltr'><strong>μὲν</strong></span> <span class='ocrx_word' id='word_1_80' title='bbox 1158 1692 1243 1754; x_wconf 83' lang='grc' dir='ltr'>ποιεῖ</span> <span class='ocrx_word' id='word_1_81' title='bbox 1253 1690 1295 1753; x_wconf 82' lang='grc' dir='ltr'><strong>τὰ</strong></span> 
     </span>
     <span class='ocr_line' id='line_1_12' title="bbox 339 1810 1297 1907; baseline 0.008 -30"><span class='ocrx_word' id='word_1_82' title='bbox 339 1812 453 1901; x_wconf 74' lang='grc' dir='ltr'><strong>κύρια,</strong></span> <span class='ocrx_word' id='word_1_83' title='bbox 494 1815 536 1902; x_wconf 75' lang='grc' dir='ltr'><strong>μὴ</strong></span> <span class='ocrx_word' id='word_1_84' title='bbox 576 1814 711 1883; x_wconf 71' lang='grc' dir='ltr'><strong>ταπεινὴν</strong></span> <span class='ocrx_word' id='word_1_85' title='bbox 750 1810 785 1879; x_wconf 73' lang='grc' dir='ltr'><strong>δὲ</strong></span> <span class='ocrx_word' id='word_1_86' title='bbox 810 1812 890 1879; x_wconf 75' lang='grc' dir='ltr'>ἀλλὰ</span> <span class='ocrx_word' id='word_1_87' title='bbox 915 1813 1141 1903; x_wconf 78' lang='grc' dir='ltr'><strong>κεκοσμημένην.</strong></span> <span class='ocrx_word' id='word_1_88' title='bbox 1197 1817 1297 1907; x_wconf 83' lang='lat' dir='ltr'><strong>Quae</strong></span> 
     </span>
     <span class='ocr_line' id='line_1_13' title="bbox 340 1930 1296 2033; baseline 0 -25"><span class='ocrx_word' id='word_1_89' title='bbox 340 1956 513 2033; x_wconf 81' lang='lat' dir='ltr'><strong>postquam</strong></span> <span class='ocrx_word' id='word_1_90' title='bbox 531 1957 731 2033; x_wconf 82' lang='lat' dir='ltr'><strong>exposuerat:</strong></span> <span class='ocrx_word' id='word_1_91' title='bbox 752 1930 827 2015; x_wconf 75' lang='grc' dir='ltr'><strong>Ἐςι</strong></span> <span class='ocrx_word' id='word_1_92' title='bbox 843 1931 957 2029; x_wconf 76' lang='grc' dir='ltr'>δ’ἀρχὴ</span> <span class='ocrx_word' id='word_1_93' title='bbox 974 1987 985 2024; x_wconf 88' lang='grc'><strong><em>,</em></strong></span> <span class='ocrx_word' id='word_1_94' title='bbox 1000 1939 1129 2032; x_wconf 76' lang='lat' dir='ltr'><strong>inquit,</strong></span> <span class='ocrx_word' id='word_1_95' title='bbox 1157 1950 1209 2017; x_wconf 84' lang='grc' dir='ltr'><strong>τῆς</strong></span> <span class='ocrx_word' id='word_1_96' title='bbox 1237 1942 1296 2008; x_wconf 71' lang='grc' dir='ltr'>λε’-ι</span> 
     </span>
     <span class='ocr_line' id='line_1_14' title="bbox 342 2056 1292 2151; baseline 0 -20"><span class='ocrx_word' id='word_1_97' title='bbox 342 2063 431 2149; x_wconf 73' lang='grc' dir='ltr'>ξεως,</span> <span class='ocrx_word' id='word_1_98' title='bbox 462 2064 494 2131; x_wconf 81' lang='grc' dir='ltr'><strong>τὸ</strong></span> <span class='ocrx_word' id='word_1_99' title='bbox 518 2056 701 2142; x_wconf 73' lang='grc' dir='ltr'>Ἐλληνΐζειν</span> <span class='ocrx_word' id='word_1_100' title='bbox 738 2061 798 2151; x_wconf 81' lang='grc'>(3).</span> <span class='ocrx_word' id='word_1_101' title='bbox 832 2063 1017 2147; x_wconf 83' lang='lat' dir='ltr'><strong>Crassus,</strong></span> <span class='ocrx_word' id='word_1_102' title='bbox 1039 2062 1156 2131; x_wconf 85' lang='lat' dir='ltr'><strong>oratori</strong></span> <span class='ocrx_word' id='word_1_103' title='bbox 1177 2088 1292 2150; x_wconf 79' lang='lat' dir='ltr'><strong>„ver-</strong></span> 
     </span>
     <span class='ocr_line' id='line_1_15' title="bbox 347 2180 1292 2270; baseline 0.002 -23"><span class='ocrx_word' id='word_1_104' title='bbox 347 2180 471 2247; x_wconf 84' lang='lat' dir='ltr'><strong>bisant</strong></span> <span class='ocrx_word' id='word_1_105' title='bbox 491 2180 547 2261; x_wconf 84' lang='lat' dir='ltr'><strong>iis,</strong></span> <span class='ocrx_word' id='word_1_106' title='bbox 571 2200 653 2266; x_wconf 86' lang='lat' dir='ltr'><strong>quae</strong></span> <span class='ocrx_word' id='word_1_107' title='bbox 676 2180 807 2270; x_wconf 85' lang='lat' dir='ltr'><strong>propria</strong></span> <span class='ocrx_word' id='word_1_108' title='bbox 830 2193 925 2261; x_wconf 88' lang='lat' dir='ltr'><strong>sunt,</strong></span> <span class='ocrx_word' id='word_1_109' title='bbox 948 2192 980 2243; x_wconf 89' lang='lat' dir='ltr'><strong>et</strong></span> <span class='ocrx_word' id='word_1_110' title='bbox 1003 2194 1087 2246; x_wconf 82' lang='lat' dir='ltr'><strong>serta</strong></span> <span class='ocrx_word' id='word_1_111' title='bbox 1111 2182 1204 2268; x_wconf 86' lang='lat' dir='ltr'><strong>quasi</strong></span> <span class='ocrx_word' id='word_1_112' title='bbox 1228 2204 1292 2249; x_wconf 86' lang='lat' dir='ltr'><strong>vo-</strong></span> 
     </span>
     <span class='ocr_line' id='line_1_16' title="bbox 342 2290 1291 2387; baseline 0.002 -24"><span class='ocrx_word' id='word_1_113' title='bbox 342 2290 454 2363; x_wconf 73' lang='lat' dir='ltr'><strong>nabala</strong></span> <span class='ocrx_word' id='word_1_114' title='bbox 488 2317 617 2376; x_wconf 74' lang='lat' dir='ltr'><strong>terum,</strong></span> <span class='ocrx_word' id='word_1_115' title='bbox 648 2315 750 2387; x_wconf 86' lang='lat' dir='ltr'><strong>paene</strong></span> <span class='ocrx_word' id='word_1_116' title='bbox 785 2316 849 2359; x_wconf 88' lang='lat' dir='ltr'><strong>una</strong></span> <span class='ocrx_word' id='word_1_117' title='bbox 880 2308 950 2359; x_wconf 86' lang='lat' dir='ltr'><strong>nata</strong></span> <span class='ocrx_word' id='word_1_118' title='bbox 977 2316 1054 2361; x_wconf 87' lang='lat' dir='ltr'><strong>eum</strong></span> <span class='ocrx_word' id='word_1_119' title='bbox 1071 2294 1166 2361; x_wconf 85' lang='lat' dir='ltr'><strong>rebus</strong></span> <span class='ocrx_word' id='word_1_120' title='bbox 1188 2296 1291 2387; x_wconf 84' lang='lat' dir='ltr'><strong>ipsis:</strong></span> 
     </span>
     <span class='ocr_line' id='line_1_17' title="bbox 344 2409 1296 2501; baseline 0.003 -24"><span class='ocrx_word' id='word_1_121' title='bbox 344 2426 402 2477; x_wconf 81' lang='lat' dir='ltr'><strong>aut</strong></span> <span class='ocrx_word' id='word_1_122' title='bbox 426 2410 486 2493; x_wconf 82' lang='lat' dir='ltr'><strong>iis,</strong></span> <span class='ocrx_word' id='word_1_123' title='bbox 510 2410 591 2501; x_wconf 75' lang='lat' dir='ltr'><strong>qnae</strong></span> <span class='ocrx_word' id='word_1_124' title='bbox 613 2410 871 2490; x_wconf 66' lang='lat' dir='ltr'><strong>transeantur,</strong></span> <span class='ocrx_word' id='word_1_125' title='bbox 893 2424 926 2475; x_wconf 87' lang='lat' dir='ltr'><strong>et</strong></span> <span class='ocrx_word' id='word_1_126' title='bbox 947 2410 1035 2499; x_wconf 87' lang='lat' dir='ltr'><strong>quasi</strong></span> <span class='ocrx_word' id='word_1_127' title='bbox 1058 2409 1157 2477; x_wconf 90' lang='lat' dir='ltr'><strong>alieno</strong></span> <span class='ocrx_word' id='word_1_128' title='bbox 1176 2412 1215 2477; x_wconf 87' lang='lat' dir='ltr'><strong>in</strong></span> <span class='ocrx_word' id='word_1_129' title='bbox 1235 2412 1296 2481; x_wconf 79' lang='lat' dir='ltr'><strong>lo-</strong></span> 
     </span>
     <span class='ocr_line' id='line_1_18' title="bbox 343 2521 1292 2614; baseline 0.002 -20"><span class='ocrx_word' id='word_1_130' title='bbox 343 2549 385 2594; x_wconf 89' lang='lat' dir='ltr'><strong>oo</strong></span> <span class='ocrx_word' id='word_1_131' title='bbox 409 2521 621 2593; x_wconf 77' lang='lat' dir='ltr'><strong>ooliocantur:</strong></span> <span class='ocrx_word' id='word_1_132' title='bbox 645 2540 699 2591; x_wconf 87' lang='lat' dir='ltr'><strong>ant</strong></span> <span class='ocrx_word' id='word_1_133' title='bbox 719 2524 777 2609; x_wconf 82' lang='lat' dir='ltr'><strong>iis,</strong></span> <span class='ocrx_word' id='word_1_134' title='bbox 804 2546 885 2614; x_wconf 84' lang='lat' dir='ltr'><strong>quae</strong></span> <span class='ocrx_word' id='word_1_135' title='bbox 904 2548 1077 2611; x_wconf 86' lang='lat' dir='ltr'><strong>novamus,</strong></span> <span class='ocrx_word' id='word_1_136' title='bbox 1106 2541 1137 2591; x_wconf 87' lang='lat' dir='ltr'><strong>et</strong></span> <span class='ocrx_word' id='word_1_137' title='bbox 1153 2524 1292 2595; x_wconf 79' lang='lat' dir='ltr'><strong>facimus</strong></span> 
     </span>
     <span class='ocr_line' id='line_1_19' title="bbox 343 2638 1289 2733; baseline 0.005 -28"><span class='ocrx_word' id='word_1_138' title='bbox 343 2641 405 2730; x_wconf 84' lang='lat' dir='ltr'><strong>ipsi</strong></span> <span class='ocrx_word' id='word_1_139' title='bbox 418 2640 453 2722; x_wconf 88' lang='lat'><strong>,’&#39;</strong></span> <span class='ocrx_word' id='word_1_140' title='bbox 475 2638 635 2708; x_wconf 85' lang='lat' dir='ltr'><strong>utendum</strong></span> <span class='ocrx_word' id='word_1_141' title='bbox 655 2662 720 2706; x_wconf 83' lang='lat' dir='ltr'><strong>asse</strong></span> <span class='ocrx_word' id='word_1_142' title='bbox 743 2662 894 2707; x_wconf 82' lang='lat' dir='ltr'><strong>censens:</strong></span> <span class='ocrx_word' id='word_1_143' title='bbox 921 2639 997 2724; x_wconf 87' lang='lat' dir='ltr'><strong>„1n</strong></span> <span class='ocrx_word' id='word_1_144' title='bbox 1019 2640 1155 2733; x_wconf 84' lang='lat' dir='ltr'><strong>propriis</strong></span> <span class='ocrx_word' id='word_1_145' title='bbox 1165 2642 1205 2725; x_wconf 79' lang='grc'><strong>,”’</strong></span> <span class='ocrx_word' id='word_1_146' title='bbox 1230 2644 1289 2710; x_wconf 90' lang='lat' dir='ltr'><strong>in-</strong></span> 
     </span>
     <span class='ocr_line' id='line_1_20' title="bbox 345 2753 1289 2843; baseline 0.007 -24"><span class='ocrx_word' id='word_1_147' title='bbox 345 2755 439 2843; x_wconf 84' lang='lat' dir='ltr'><strong>quit,</strong></span> <span class='ocrx_word' id='word_1_148' title='bbox 463 2769 546 2837; x_wconf 86' lang='lat' dir='ltr'><strong>„est</strong></span> <span class='ocrx_word' id='word_1_149' title='bbox 567 2756 665 2841; x_wconf 84' lang='lat' dir='ltr'><strong>igitur</strong></span> <span class='ocrx_word' id='word_1_150' title='bbox 683 2756 789 2825; x_wconf 85' lang='lat' dir='ltr'><strong>verbis</strong></span> <span class='ocrx_word' id='word_1_151' title='bbox 811 2753 862 2822; x_wconf 83' lang='lat' dir='ltr'><strong>illa</strong></span> <span class='ocrx_word' id='word_1_152' title='bbox 886 2754 951 2822; x_wconf 87' lang='lat' dir='ltr'><strong>laus</strong></span> <span class='ocrx_word' id='word_1_153' title='bbox 973 2755 1126 2837; x_wconf 83' lang='lat' dir='ltr'><strong>oratoris,</strong></span> <span class='ocrx_word' id='word_1_154' title='bbox 1161 2772 1201 2823; x_wconf 87' lang='lat' dir='ltr'><strong>ut</strong></span> <span class='ocrx_word' id='word_1_155' title='bbox 1225 2759 1289 2826; x_wconf 87' lang='lat' dir='ltr'><strong>ab·</strong></span> 
     </span>
     <span class='ocr_line' id='line_1_21' title="bbox 341 2870 1293 2963; baseline 0.004 -24"><span class='ocrx_word' id='word_1_156' title='bbox 341 2876 427 2963; x_wconf 82' lang='lat' dir='ltr'><strong>jecta</strong></span> <span class='ocrx_word' id='word_1_157' title='bbox 459 2886 555 2963; x_wconf 81' lang='lat' dir='ltr'><strong>atque</strong></span> <span class='ocrx_word' id='word_1_158' title='bbox 574 2870 709 2939; x_wconf 85' lang='lat' dir='ltr'><strong>obsoleta</strong></span> <span class='ocrx_word' id='word_1_159' title='bbox 731 2873 852 2961; x_wconf 81' lang='lat' dir='ltr'><strong>fugiat,</strong></span> <span class='ocrx_word' id='word_1_160' title='bbox 885 2872 972 2941; x_wconf 82' lang='lat' dir='ltr'><strong>lectis</strong></span> <span class='ocrx_word' id='word_1_161' title='bbox 1004 2888 1099 2963; x_wconf 89' lang='lat' dir='ltr'><strong>atque</strong></span> <span class='ocrx_word' id='word_1_162' title='bbox 1115 2871 1293 2943; x_wconf 82' lang='lat' dir='ltr'><strong>sslustribus</strong></span> 
     </span>
     <span class='ocr_line' id='line_1_22' title="bbox 345 2986 1295 3080; baseline 0.003 -23"><span class='ocrx_word' id='word_1_163' title='bbox 345 3003 475 3075; x_wconf 77' lang='lat' dir='ltr'><strong>utatur,</strong></span> <span class='ocrx_word' id='word_1_164' title='bbox 504 2988 541 3055; x_wconf 87' lang='lat' dir='ltr'><strong>in</strong></span> <span class='ocrx_word' id='word_1_165' title='bbox 571 2989 689 3080; x_wconf 76' lang='lat' dir='ltr'><strong>quibus</strong></span> <span class='ocrx_word' id='word_1_166' title='bbox 708 2989 840 3080; x_wconf 86' lang='lat' dir='ltr'><strong>plenum</strong></span> <span class='ocrx_word' id='word_1_167' title='bbox 860 2986 1017 3080; x_wconf 83' lang='lat' dir='ltr'><strong>quiddam</strong></span> <span class='ocrx_word' id='word_1_168' title='bbox 1046 3004 1079 3055; x_wconf 86' lang='lat' dir='ltr'><strong>et</strong></span> <span class='ocrx_word' id='word_1_169' title='bbox 1114 3014 1295 3060; x_wconf 79' lang='lat' dir='ltr'><strong>consonans</strong></span> 
     </span>
     <span class='ocr_line' id='line_1_23' title="bbox 344 3102 1291 3195; baseline 0.001 -23"><span class='ocrx_word' id='word_1_170' title='bbox 344 3104 445 3173; x_wconf 76' lang='lat' dir='ltr'><strong>inesse</strong></span> <span class='ocrx_word' id='word_1_171' title='bbox 467 3102 633 3173; x_wconf 72' lang='lat' dir='ltr'><strong>videatur’&#39;</strong></span> <span class='ocrx_word' id='word_1_172' title='bbox 655 3103 717 3195; x_wconf 78' lang='lat'>(4).</span> <span class='ocrx_word' id='word_1_173' title='bbox 736 3141 781 3159; x_wconf 78' lang='lat'>-</span> <span class='ocrx_word' id='word_1_174' title='bbox 803 3105 956 3191; x_wconf 84' lang='lat' dir='ltr'><strong>„Tertius</strong></span> <span class='ocrx_word' id='word_1_175' title='bbox 979 3102 1030 3169; x_wconf 89' lang='lat' dir='ltr'><strong>ille</strong></span> <span class='ocrx_word' id='word_1_176' title='bbox 1052 3102 1167 3171; x_wconf 88' lang='lat' dir='ltr'><strong>modus</strong></span> <span class='ocrx_word' id='word_1_177' title='bbox 1180 3120 1291 3173; x_wconf 86' lang='lat' dir='ltr'><strong>trans·</strong></span> 
     </span>
     <span class='ocr_line' id='line_1_24' title="bbox 342 3219 1284 3314; baseline 0.002 -27"><span class='ocrx_word' id='word_1_178' title='bbox 342 3219 468 3307; x_wconf 77' lang='lat' dir='ltr'><strong>ferendi</strong></span> <span class='ocrx_word' id='word_1_179' title='bbox 497 3223 587 3288; x_wconf 77' lang='lat' dir='ltr'><strong>verbi</strong></span> <span class='ocrx_word' id='word_1_180' title='bbox 604 3220 666 3288; x_wconf 84' lang='lat' dir='ltr'><strong>late</strong></span> <span class='ocrx_word' id='word_1_181' title='bbox 695 3236 802 3314; x_wconf 87' lang='lat' dir='ltr'><strong>patet,</strong></span> <span class='ocrx_word' id='word_1_182' title='bbox 839 3244 936 3311; x_wconf 83' lang='lat' dir='ltr'><strong>quem</strong></span> <span class='ocrx_word' id='word_1_183' title='bbox 965 3220 1130 3287; x_wconf 78' lang='lat' dir='ltr'><strong>necessitas</strong></span> <span class='ocrx_word' id='word_1_184' title='bbox 1151 3224 1284 3308; x_wconf 83' lang='lat' dir='ltr'><strong>genuit,</strong></span> 
     </span>
     <span class='ocr_line' id='line_1_25' title="bbox 225 3318 1291 3430; baseline 0.005 -28"><span class='ocrx_word' id='word_1_185' title='bbox 225 3384 229 3389; x_wconf 86' lang='lat'><em>-</em></span> <span class='ocrx_word' id='word_1_186' title='bbox 344 3337 452 3430; x_wconf 86' lang='lat' dir='ltr'><strong>inopia</strong></span> <span class='ocrx_word' id='word_1_187' title='bbox 489 3353 596 3405; x_wconf 86' lang='lat' dir='ltr'><strong>coacta</strong></span> <span class='ocrx_word' id='word_1_188' title='bbox 625 3354 658 3403; x_wconf 89' lang='lat' dir='ltr'><strong>et</strong></span> <span class='ocrx_word' id='word_1_189' title='bbox 690 3337 856 3424; x_wconf 73' lang='lat' dir='ltr'><strong>nugantiis3</strong></span> <span class='ocrx_word' id='word_1_190' title='bbox 895 3350 968 3429; x_wconf 85' lang='lat' dir='ltr'><strong>post</strong></span> <span class='ocrx_word' id='word_1_191' title='bbox 991 3352 1097 3405; x_wconf 87' lang='lat' dir='ltr'><strong>autem</strong></span> <span class='ocrx_word' id='word_1_192' title='bbox 1118 3318 1291 3407; x_wconf 76' lang='lat' dir='ltr'><strong>delectatio</strong></span> 
     </span>
     <span class='ocr_line' id='line_1_26' title="bbox 336 3450 1293 3545; baseline 0.004 -27"><span class='ocrx_word' id='word_1_193' title='bbox 336 3450 592 3545; x_wconf 85' lang='lat' dir='ltr'><strong>jucunditasque</strong></span> <span class='ocrx_word' id='word_1_194' title='bbox 610 3452 802 3521; x_wconf 84' lang='lat' dir='ltr'><strong>oelebrevit’&#39;</strong></span> <span class='ocrx_word' id='word_1_195' title='bbox 827 3450 889 3541; x_wconf 82' lang='lat'><strong>(5).</strong></span> <span class='ocrx_word' id='word_1_196' title='bbox 936 3452 1013 3540; x_wconf 89' lang='lat' dir='ltr'><strong>Quo</strong></span> <span class='ocrx_word' id='word_1_197' title='bbox 1036 3452 1205 3521; x_wconf 83' lang='lat' dir='ltr'><strong>referenda</strong></span> <span class='ocrx_word' id='word_1_198' title='bbox 1214 3470 1293 3521; x_wconf 88' lang='lat' dir='ltr'><strong>sunt</strong></span> 
     </span>
    </p>
   </div>
   <div class='ocr_carea' id='block_1_7' title="bbox 340 3622 1292 4152">
    <p class='ocr_par' dir='ltr' id='par_1_7' title="bbox 340 3622 1292 4152">
     <span class='ocr_line' id='line_1_27' title="bbox 386 3622 1290 3703; baseline 0.01 -23"><span class='ocrx_word' id='word_1_199' title='bbox 386 3622 428 3699; x_wconf 88' lang='grc' dir='ltr'><strong>(Ι)</strong></span> <span class='ocrx_word' id='word_1_200' title='bbox 450 3625 500 3701; x_wconf 82' lang='grc' dir='ltr'>ΙΙΙ,</span> <span class='ocrx_word' id='word_1_201' title='bbox 543 3625 594 3686; x_wconf 72' lang='lat' dir='ltr'><strong>to,</strong></span> <span class='ocrx_word' id='word_1_202' title='bbox 637 3626 685 3703; x_wconf 69' lang='grc' dir='ltr'><strong>(Ι),</strong></span> <span class='ocrx_word' id='word_1_203' title='bbox 709 3625 794 3687; x_wconf 81' lang='lat' dir='ltr'><strong>Rhet.</strong></span> <span class='ocrx_word' id='word_1_204' title='bbox 820 3624 870 3701; x_wconf 84' lang='grc' dir='ltr'>ΙΙΙ,</span> <span class='ocrx_word' id='word_1_205' title='bbox 900 3623 1005 3683; x_wconf 67' lang='lat' dir='ltr'><strong>einis.</strong></span> <span class='ocrx_word' id='word_1_206' title='bbox 1028 3622 1076 3685; x_wconf 79' lang='lat' dir='ltr'><strong>Cf.</strong></span> <span class='ocrx_word' id='word_1_207' title='bbox 1102 3624 1181 3687; x_wconf 85' lang='lat' dir='ltr'><strong>Cio.</strong></span> <span class='ocrx_word' id='word_1_208' title='bbox 1206 3626 1290 3689; x_wconf 82' lang='lat' dir='ltr'><strong>Orat.</strong></span> 
     </span>
     <span class='ocr_line' id='line_1_28' title="bbox 344 3732 1290 3815; baseline 0.013 -24"><span class='ocrx_word' id='word_1_209' title='bbox 344 3752 373 3792; x_wconf 88' lang='lat' dir='ltr'><strong>o.</strong></span> <span class='ocrx_word' id='word_1_210' title='bbox 412 3732 465 3793; x_wconf 73' lang='lat' dir='ltr'><strong>et.</strong></span> <span class='ocrx_word' id='word_1_211' title='bbox 506 3737 550 3815; x_wconf 77' lang='grc'><strong>’(5)</strong></span> <span class='ocrx_word' id='word_1_212' title='bbox 579 3738 663 3798; x_wconf 88' lang='lat' dir='ltr'><strong>Rhet.</strong></span> <span class='ocrx_word' id='word_1_213' title='bbox 700 3738 749 3814; x_wconf 89' lang='grc' dir='ltr'>ΙΙΙ,</span> <span class='ocrx_word' id='word_1_214' title='bbox 779 3738 808 3799; x_wconf 75' lang='grc' dir='ltr'><strong>ὅ.</strong></span> <span class='ocrx_word' id='word_1_215' title='bbox 855 3736 895 3815; x_wconf 77' lang='grc' dir='ltr'><strong>(Ι)</strong></span> <span class='ocrx_word' id='word_1_216' title='bbox 918 3736 965 3804; x_wconf 86' lang='grc' dir='ltr'>ΙΙΙ,</span> <span class='ocrx_word' id='word_1_217' title='bbox 989 3736 1040 3797; x_wconf 76' lang='grc' dir='ltr'>ΙΙΙ.</span> <span class='ocrx_word' id='word_1_218' title='bbox 1071 3736 1120 3797; x_wconf 82' lang='lat' dir='ltr'><strong>Gi.</strong></span> <span class='ocrx_word' id='word_1_219' title='bbox 1149 3736 1235 3801; x_wconf 79' lang='lat' dir='ltr'><strong>Oret.</strong></span> <span class='ocrx_word' id='word_1_220' title='bbox 1262 3763 1290 3803; x_wconf 86' lang='lat' dir='ltr'><strong>o.</strong></span> 
     </span>
     <span class='ocr_line' id='line_1_29' title="bbox 340 3841 1292 3930; baseline 0.013 -29"><span class='ocrx_word' id='word_1_221' title='bbox 340 3841 411 3902; x_wconf 70' lang='lat'><strong>24:</strong></span> <span class='ocrx_word' id='word_1_222' title='bbox 445 3846 543 3924; x_wconf 79' lang='lat' dir='ltr'><strong>„qnod</strong></span> <span class='ocrx_word' id='word_1_223' title='bbox 561 3859 612 3911; x_wconf 75' lang='lat' dir='ltr'><strong>eat</strong></span> <span class='ocrx_word' id='word_1_224' title='bbox 632 3848 742 3928; x_wconf 77' lang='lat' dir='ltr'><strong>optima</strong></span> <span class='ocrx_word' id='word_1_225' title='bbox 762 3858 865 3915; x_wconf 81' lang='lat' dir='ltr'><strong>sonet,</strong></span> <span class='ocrx_word' id='word_1_226' title='bbox 885 3860 935 3907; x_wconf 77' lang='lat' dir='ltr'><strong>ant</strong></span> <span class='ocrx_word' id='word_1_227' title='bbox 960 3865 1020 3907; x_wconf 79' lang='lat' dir='ltr'><strong>rena</strong></span> <span class='ocrx_word' id='word_1_228' title='bbox 1048 3847 1169 3910; x_wconf 77' lang='lat' dir='ltr'><strong>maxime</strong></span> <span class='ocrx_word' id='word_1_229' title='bbox 1190 3853 1292 3930; x_wconf 77' lang='lat' dir='ltr'><strong>expla-</strong></span> 
     </span>
     <span class='ocr_line' id='line_1_30' title="bbox 341 3954 1291 4037; baseline 0.006 -22"><span class='ocrx_word' id='word_1_230' title='bbox 341 3954 424 4015; x_wconf 81' lang='lat' dir='ltr'><strong>nat.”</strong></span> <span class='ocrx_word' id='word_1_231' title='bbox 466 3956 508 4035; x_wconf 64' lang='grc' dir='ltr'><strong>(ὅ)</strong></span> <span class='ocrx_word' id='word_1_232' title='bbox 542 3959 590 4037; x_wconf 80' lang='grc' dir='ltr'>ΙΙΙ,</span> <span class='ocrx_word' id='word_1_233' title='bbox 620 3959 673 4022; x_wconf 68' lang='grc'><strong>58.</strong></span> <span class='ocrx_word' id='word_1_234' title='bbox 696 3958 751 4020; x_wconf 85' lang='lat' dir='ltr'><strong>cff.</strong></span> <span class='ocrx_word' id='word_1_235' title='bbox 784 3957 862 4021; x_wconf 82' lang='lat' dir='ltr'><strong>Orat.</strong></span> <span class='ocrx_word' id='word_1_236' title='bbox 886 3978 913 4020; x_wconf 85' lang='lat' dir='ltr'><strong>c.</strong></span> <span class='ocrx_word' id='word_1_237' title='bbox 935 3958 980 4020; x_wconf 73' lang='lat' dir='ltr'><strong>et</strong></span> <span class='ocrx_word' id='word_1_238' title='bbox 1003 3973 1031 4021; x_wconf 86' lang='lat' dir='ltr'><strong>et</strong></span> <span class='ocrx_word' id='word_1_239' title='bbox 1067 3960 1119 4028; x_wconf 68' lang='lat'><strong>25,</strong></span> <span class='ocrx_word' id='word_1_240' title='bbox 1142 3961 1291 4035; x_wconf 73' lang='lat' dir='ltr'><strong>Quinet.</strong></span> 
     </span>
     <span class='ocr_line' id='line_1_31' title="bbox 343 4063 1127 4152; baseline 0.009 -26"><span class='ocrx_word' id='word_1_241' title='bbox 343 4063 417 4143; x_wconf 82' lang='lat' dir='ltr'><strong>vul,</strong></span> <span class='ocrx_word' id='word_1_242' title='bbox 449 4066 479 4137; x_wconf 82' lang='lat'><strong>6,</strong></span> <span class='ocrx_word' id='word_1_243' title='bbox 515 4067 620 4132; x_wconf 78' lang='lat' dir='ltr'><strong>Dion.</strong></span> <span class='ocrx_word' id='word_1_244' title='bbox 642 4070 748 4152; x_wconf 77' lang='lat' dir='ltr'><strong>Long.</strong></span> <span class='ocrx_word' id='word_1_245' title='bbox 774 4070 953 4135; x_wconf 73' lang='lat' dir='ltr'><strong>desitum.</strong></span> <span class='ocrx_word' id='word_1_246' title='bbox 978 4082 1048 4133; x_wconf 77' lang='lat' dir='ltr'><strong>sect.</strong></span> <span class='ocrx_word' id='word_1_247' title='bbox 1074 4071 1127 4135; x_wconf 75' lang='lat'><strong>55.</strong></span> 
     </span>
    </p>
   </div>
   <div class='ocr_carea' id='block_1_8' title="bbox 0 0 1435 5009">
    <p class='ocr_par' dir='ltr' id='par_1_8' title="bbox 0 0 1435 5009">
     <span class='ocr_line' id='line_1_32' title="bbox 0 0 1435 5009; baseline 0 0"><span class='ocrx_word' id='word_1_248' title='bbox 0 0 1435 5009; x_wconf 95' lang='lat' dir='ltr'><strong> </strong></span> 
     </span>
    </p>
   </div>
  </div>
 </body>
</html>
