2817 5009
558 453 598 521 73

115 646 235 713 Zeno
268 638 401 732 quidem
430 636 504 721 ille,
536 662 554 703 a
586 660 652 727 quo
685 636 851 729 disciplina
869 636 1049 711 Stdcernm

112 773 184 842 ιιι,
220 770 318 823 msnu
339 752 565 822 ‚demonstrare
594 751 738 838 solebat,
771 752 852 843 quid
882 756 966 823 inter
993 755 1049 823 has

113 888 197 939 artes
218 872 392 939 interesset.
436 869 519 937 Nam
556 892 631 935 cum
664 884 888 961 compresserat
915 868 1051 957 digito,
1158 931 1164 941 .

112 1008 328 1075 pugnumque
359 982 495 1069 lecerat,
530 980 726 1052 dialecticam
758 985 863 1071 ajebat
897 986 1052 1072 ejusmodi

15 1134 20 1144 ·
110 1124 199 1168 esses
233 1122 337 1189 quum
353 1115 461 1165 autem
478 1096 664 1183 diduxerat,
687 1115 720 1166 et
738 1122 872 1167 manum
893 1097 1056 1186 dilatarat,

109 1214 238 1306 palmae
277 1212 356 1280 illius
398 1212 530 1281 similem
572 1213 785 1306 eloquentiam
824 1236 888 1281 esse
918 1212 1054 1284 dicebat.

109 1332 227 1421 Atque
259 1330 353 1397 etiam
381 1345 454 1397 ante
483 1309 573 1397 huuc
596 1329 866 1399 Aristoteles
892 1332 1053 1423 principio

115 1446 192 1514 artis
224 1445 399 1514 rhetoricae
422 1443 525 1530 dicit,
548 1443 633 1513 illam
659 1461 761 1513 artem
783 1447 871 1537 quasi
901 1470 940 1514 cx
962 1446 1055 1515 alters

112 1578 205 1651 parte
224 1559 417 1655 respondere
438 1558 639 1630 dialecticae:
663 1578 700 1629 ut
721 1560 785 1629 hoc
803 1560 1055 1631 videlicetdill'a-

114 1693 190 1745 rant
221 1678 304 1744 inter
336 1701 393 1760 se,
426 1674 516 1765 quod
535 1676 614 1743 haec
638 1678 718 1744 ratio
738 1674 868 1745 dicendi
887 1677 976 1747 latior
996 1680 1055 1761 sit,

113 1792 167 1861 illa
185 1787 340 1883 loquendi
362 1791 591 1857 contractior.’'
612 1788 662 1877 (1)
675 1789 831 1857 Eandem
849 1794 1057 1876 sententiam,

115 1932 202 2000 quae
234 1904 370 1972 mirifice
389 1904 583 1973 Ciceroni
616 1904 761 1996 placebat
780 1904 933 1988 ,retulit
947 1904 1064 1981 iisdem

117 2047 222 2121 poene
253 2024 357 2093 verbis
389 2023 423 2089 iu
457 2020 544 2088 libris
565 2018 607 2088 de
637 2021 770 2089 Finibus
790 2019 860 2110 (2),
882 2023 917 2089 in
939 2026 1060 2093 Oreto-

121 2143 177 2209 riis
208 2140 435 2208 Partitionibus
457 2138 531 2230 (3),
553 2139 588 2205 in
611 2142 747 2209 Bruto
769 2138 840 2231 (4),
863 2140 920 2207 ubi
938 2138 1059 2212 dialec-

121 2263 218 2333 ticam
242 2280 260 2321 a
284 2279 317 2323 se
354 2279 483 2347 qnoque
510 2253 732 2323 studiosissime
761 2257 898 2325 exerceri
921 2254 1060 2347 profite-

122 2391 188 2439 tur.
245 2370 495 2457 „Adhibehant
542 2372 676 2454 euim,''
723 2388 759 2439 ut
790 2369 981 2439 Hensdii
1011 2371 1062 2463 (5)

123 2488 227 2557 verbis
256 2503 349 2573 uter,
384 2503 556 2572 „oratores
592 2485 811 2570 dialecticam,
854 2512 921 2580 quo
965 2489 1062 2575 megia

126 2604 316 2671 senteutiam
338 2626 429 2670 suam
459 2604 580 2671 civibus
603 2601 858 2694 ¹persuaderent:
883 2601 1066 2693 philosophi

124 2738 250 2804 autem,
275 2742 350 2786 cum
371 2715 452 2783 nihil
472 2718 507 2783 iu
527 2716 703 2783 civitatibus
727 2713 784 2781 illis
807 2712 988 2804 eloquendi
1000 2711 1063 2781 h'a·

124 2836 254 2902 beretur
277 2834 377 2915 majus
398 2844 430 2895 et
449 2828 618 2913 illustrius,
641 2845 673 2893 et
698 2832 809 2915 juvare
829 2844 965 2897 oratores
982 2845 1063 2895 -stn-

123 2944 270 3028 debant,
293 2958 331 3007 ut
352 2942 386 3004 in
408 2956 509 3005 tantae
531 2940 644 3025 gloriae
665 2942 841 3007 societatem
862 2943 1067 3031 pervenitent

125 3054 386 3153 quodammodo,
421 3071 453 3122 et
484 3055 546 3143 ipsi
570 3050 742 3119 scribendo
769 3050 972 3153 dicendoque
994 3076 1069 3123 cum

124 3176 185 3241 illis
205 3173 247 3241 de
268 3170 463 3263 eloquentiae
488 3167 590 3262 palma
607 3166 848 3235 concertabant.
892 3168 1065 3235 Verumta-
1127 3232 1128 3236 ,

127 3314 203 3358 men
229 3289 350 3357 factum
371 3287 413 3352 ita
434 3283 528 3353 simul
548 3299 606 3367 est,
636 3300 673 3350 ut
693 3299 781 3350 tento
805 3281 981 3374 splendore·
994 3284 1065 3353 elu-

128 3422 232 3476 centcs
256 3405 315 3470 hac
339 3418 418 3469 artes
428 3394 631 3469 obscurarent
641 3398 737 3489 plane
746 3398 923 3492 simplicem
933 3402 1069 3471 veritatis

119 3718 124 3724 Ι
171 3636 212 3714 ll)
235 3634 310 3695 Orat.
341 3648 368 3693 c‘.
392 3633 443 3693 52.
489 3632 529 3708 (i)
563 3632 599 3708 ll,
626 3632 658 3690 6.
682 3631 736 3692 Gis.
760 3632 809 3708 lV,
833 3633 865 3691 t.
895 3634 984 3696 head.
998 3635 1022 3712 l,
1036 3634 1068 3712 8,

130 3748 204 3826 disp.
234 3764 263 3805 n.
286 3764 316 3823 p.
345 3743 385 3803 55
409 3742 505 3802 ethi.
551 3742 591 3818 (3)
613 3759 640 3800 e.
663 3742 1073 3821 40.1nquoopereCicero

129 3854 303 3932 eloquentiae
344 3863 372 3910 et
395 3849 554 3911 dialectices
578 3849 771 3930 cognationem
801 3851 911 3929 egregie
930 3851 1068 3931 exposuit.

132 3962 174 4044 (ll
197 3978 223 4019 c.
252 3959 305 4020 90.
350 3959 389 4036 (5)
420 3958 481 4018 luit.
509 3958 606 4036 tt,11‚
633 3979 663 4037 p.
694 3958 745 4019 92.
772 3956 817 4019 Gi.
842 3959 952 4021 Arist.
973 3958 1073 4022 Probi.

134 4081 207 4130 scca.
235 4070 284 4146 tt,
314 4068 336 4151 S
362 4071 393 4129 5.
1006 4072 1012 4079 ’
