2817 5009
341 601 399 668 ta,
422 588 449 651 si
470 610 522 652 me
551 556 677 670 audias,
698 584 843 655 eandem
868 608 991 653 caueam
1011 607 1099 671 egat,
1134 599 1231 675 teque
1253 601 1286 651 et

342 700 523 790 prinoipem
548 700 673 784 civem,
720 716 751 766 et
775 698 964 791 pontificem
982 720 1047 765 etse
1070 698 1208 785 cogites,
1229 715 1283 780 et,

341 815 494 903 quoniam
516 816 551 881 in
583 831 752 905 utramque
784 830 905 904 partem
940 813 1028 882 vobis
1062 809 1135 881 licet
1169 811 1285 903 dispu-

340 945 428 1015 tare,
450 931 533 999 hanc
551 932 658 1023 potius
682 955 810 1014 eume,
831 952 964 1021 eamque
986 926 1165 997 facultatem
1185 926 1285 995 diate-

343 1042 458 1127 reudi,
495 1070 596 1135 quam
629 1046 725 1112 tibia
749 1043 913 1112 rhetoricis
934 1041 1207 1117 exercitationibus
1226 1065 1284 1113 ac·
1390 1132 1391 1137 γ

345 1174 470 1247 ceptam
499 1158 705 1251 amplificavit
728 1157 923 1244 Academia,
953 1158 1019 1225 bue
1044 1157 1148 1249 potius
1172 1155 1285 1225 confe-
1390 1182 1391 1187 ¹

344 1272 434 1337 rat.'’
458 1272 505 1337 De
531 1297 594 1361 qua
614 1273 777 1340 Cottae
800 1271 1012 1364 disputatione
1034 1271 1199 1341 Cicero
1225 1269 1286 1337 boc
1390 1336 1391 1355 ,

346 1385 419 1452 tulit
451 1384 612 1473 judicium
644 1386 717 1477 (l):
766 1388 872 1479 „lpse
900 1388 1037 1454 Cotta
1057 1386 1102 1452 tic
1125 1383 1288 1477 disputat,
1390 1372 1391 1377 ἵ

346 1520 385 1571 ιιι
406 1505 584 1574 Stoicorum
605 1507 700 1592 magis
731 1520 914 1593 argumenta
931 1503 1094 1587 confutet,
1119 1528 1218 1591 quam
1227 1502 1289 1569 ho·
1384 1572 1391 1583 ,

349 1623 472 1689 minum
494 1620 594 1691 deleat
613 1622 827 1709 religionem.''

397 1735 539 1803 Similem
568 1753 664 1827 atque
697 1739 732 1802 in
751 1737 840 1803 libris
860 1735 900 1802 de
919 1736 1037 1801 Natura
1061 1737 1200 1801 Deorum
1234 1759 1290 1801 ra·

353 1853 495 1934 tionem,
519 1853 677 1920 Cicero
697 1855 730 1918 in
756 1851 844 1919 libris
869 1849 911 1917 de
924 1850 1147 1952 Divinatione,
1166 1852 1202 1915 in
1215 1851 1291 1939 qui-

351 1968 411 2033 bua
436 1969 624 2057 Quintus
642 1968 769 2051 Stoica,
792 1971 858 2060 ipse
879 1968 988 2036 veteris
1011 1966 1201 2035 Academiae
1221 1966 1293 2058 pla·

354 2084 415 2147 cita
447 2082 488 2149 ‹le
510 2082 723 2165 divinatione,
757 2106 934 2175 quaecum
963 2083 1177 2173 Peripateticis
1211 2106 1291 2149 con-

355 2199 497 2263 sentiunt
517 2196 584 2286 (2),
621 2215 747 2282 tuetur,
771 2217 968 2267 sescentum
990 2223 1074 2282 esse,
1095 2199 1188 2263 initio
1207 2200 1295 2283 lrag·
1391 2230 1392 2249 ι

300 2296 309 2311 ’
357 2313 457 2377 menti
491 2310 533 2377 de
579 2313 658 2379 Fato
688 2312 738 2405 (3)
770 2313 977 2401 significarim
1025 2315 1096 2398 „In
1127 2311 1186 2379 illis
1210 2313 1296 2379 libris
1389 2330 1392 2345 ¹

357 2422 441 2505 feci,
464 2428 520 2514 qui
539 2444 616 2493 sunt
634 2424 675 2491 de
696 2443 807 2494 natura
827 2430 985 2497 Deorum:
1018 2430 1157 2516 itemque
1181 2429 1215 2493 in
1239 2428 1297 2508 iis,
1391 2476 1392 2485 ι

361 2564 442 2632 quos
463 2539 504 2607 de
526 2540 720 2610 divinatione
742 2542 852 2624 edidi,
873 2561 908 2610 ut
931 2546 964 2610 in
987 2560 1152 2633 utramque
1172 2556 1298 2634 partem

360 2678 515 2755 perpetua
533 2661 745 2756 explicaretur
763 2666 882 2745 oratio,
908 2688 973 2754 quo
997 2663 1114 2734 facilius
1135 2660 1169 2728 id
1182 2689 1198 2727 a
1210 2686 1295 2751 quo-

363 2800 427 2866 que
455 2780 668 2865 probaretur,
707 2777 796 2868 quod
829 2780 944 2869 cuique
979 2780 1113 2847 maxime
1136 2775 1299 2869 probabile

357 2888 559 2959 ·videretur.’'
604 2892 752 2960 Elucebit
781 2894 843 2962 hoc
867 2896 999 2961 maxime
1020 2895 1043 2959 si
1056 2894 1150 2980 magis
1160 2909 1297 2961 conten·

364 3011 440 3076 tioaa
463 3009 624 3098 Quinti
658 3008 830 3101 disputatio
861 3033 934 3077 cum
956 3010 1100 3075 uberiore
1122 3009 1297 3075 Cicero·
1392 2994 1393 3063 Ῐ

364 3128 450 3208 nis,
478 3126 555 3215 qui,
581 3142 617 3191 ut
648 3125 748 3191 Piso
771 3128 805 3191 in
828 3126 980 3208 Finibus,
1015 3128 1148 3193 Cotta
1170 3123 1212 3190 de
1231 3125 1299 3191 Na-

364 3264 434 3309 tura
462 3244 619 3322 Deorum,
655 3257 829 3307 ceterarum
862 3259 1018 3310 sectarum
1036 3242 1203 3309 sententias
1228 3242 1300 3329 pri-

365 3382 456 3423 mum
491 3371 654 3433 recenset,
684 3372 892 3445 comparetur.
948 3407 971 3439 ,‚
988 3358 1142 3425 Accurate
1166 3374 1202 3421 tu
1226 3358 1301 3446 qui-

366 3472 488 3552 dem’',
511 3470 618 3569 iuquit
637 3470 867 3561 Ci·eero(l)‚
897 3473 1108 3561 „Quinte,
1131 3490 1162 3537 et
1187 3472 1302 3539 Stoi-

366 3641 608 3665 ..ιιι-ὲ...-

410 3760 450 3835 (l)
473 3758 508 3819 de
539 3758 602 3817 lliv.
639 3759 663 3833 1,
704 3760 736 3817 5.
759 3757 804 3819 Cl.
828 3754 1158 3849 Krische,0imprimis
1178 3772 1209 3831 p.
1234 3752 1255 3811 9
1280 3751 1306 3807 in

369 3883 436 3932 note
474 3880 502 3927 et
535 3889 566 3946 p.
613 3869 662 3927 ll.
708 3869 746 3945 (2)
784 3869 818 3928 de
856 3869 918 3928 Div.
945 3868 968 3943 l,
996 3868 1024 3929 ὅ.
1068 3867 1107 3943 (ὅ)
1131 3886 1156 3925 c.
1189 3866 1216 3923 l.
1268 3861 1307 3937 (l)

229 4036 234 4044 .
361 3980 404 4057 u,
431 3980 462 4038 t.
