2817 5009
814 440 858 505 98

364 624 434 692 mos
466 622 560 709 igitur
590 644 629 688 ex
650 619 821 704 hocloco,
854 620 894 687 od
914 621 1110 712 propositam
1143 630 1317 715 quaestio-

365 762 440 806 nem
461 733 643 804 solvendum
666 737 816 816 maximi,
844 751 880 801 ut
901 734 980 803 mihi
1006 736 1140 825 quidem
1164 740 1318 840 ridetur,

367 853 544 935 momenti,
581 850 790 941 principalem
821 874 943 919 causam
961 850 1058 939 hujus
1076 856 1179 939 gravis
1196 856 1318 925 laboris

364 965 566 1034 Ciceroni
593 965 710 1047 fuisse,
742 963 852 1055 quod,
885 990 960 1032 cunr
991 968 1134 1056 primum
1167 972 1315 1039 inlibris

364 1084 425 1147 suis
446 1079 490 1147 de
506 1082 553 1147 Rc
577 1080 701 1171 publica
723 1080 807 1149 hanc
835 1078 1133 1150 Aristoteliam
1153 1087 1313 1159 rationem

365 1221 443 1271 esset
465 1217 600 1285 secutus,
623 1226 708 1290 qua,
733 1198 917 1266 Platonis
940 1201 1094 1290 exemplo,
1120 1205 1215 1295 κωφὸν
1241 1212 1311 1296 ejus
1400 1228 1401 1265 r

366 1332 517 1418 πρόσωπον
537 1344 634 1404 esset,
669 1350 721 1394 eos
748 1352 837 1394 nunc
867 1326 901 1391 in
923 1327 1057 1395 formem
1078 1330 1309 1420 efficaciorem,

367 1445 604 1513 Aristoteli
638 1445 733 1530 magis
753 1444 961 1532 peculiarem,
985 1470 1048 1538 qua
1068 1472 1178 1537 penes
1201 1458 1309 1543 parum

368 1570 453 1626 esset
467 1564 697 1648 principatus,
720 1558 874 1646 refingere
907 1555 1150 1631 consectaretur.

415 1676 467 1744 Ad
488 1678 577 1744 hunc
608 1679 702 1765 igitur
727 1701 866 1762 morem,
891 1701 958 1769 quo
991 1681 1152 1751 Cicero
1189 1712 1310 1778 prove.

372 1795 469 1863 ctiore
493 1790 622 1859 demum
646 1808 744 1859 aetate
765 1794 964 1884 potissimum
988 1819 1062 1862 usus
1086 1801 1311 1887 escenderat,

372 1934 444 1976 cum
480 1906 662 1974 transeundi
693 1909 914 1999 opportunitas
943 1908 1045 1977 oblata
1075 1914 1138 1994 sit,
1174 1916 1254 1985 hacc
1275 1944 1313 1985 ex

371 2028 439 2114 ejus
467 2024 508 2091 ad
540 2024 741 2092 Atticum
769 2023 819 2113 (l)
853 2026 991 2113 Epistola
1022 2032 1150 2115 verba,
1195 2039 1313 2125 quihus

372 2148 537 2235 utriusque
584 2148 711 2212 rationis
756 2144 927 2213 discrimen
976 2150 1095 2235 egregie
1130 2152 1311 2238 siguificat,

372 2271 600 2365 praemittenda
621 2295 685 2337 esse
707 2274 824 2340 censui.
870 2275 916 2339 Ut
939 2298 1079 2357 „meum
1106 2277 1201 2367 κωφόγ
1217 2284 1313 2370 πρόσ-

373 2420 451 2461 ωπον
472 2414 574 2481 esset,
607 2400 668 2465 hoc
703 2401 736 2464 in
769 2400 905 2489 antiquis
938 2404 1077 2492 personis
1095 2408 1231 2474 suaviter
1254 2410 1314 2490 fit,

375 2529 412 2577 ut
433 2530 465 2579 et
487 2513 730 2581 Heraclides
751 2516 785 2581 in
809 2515 934 2599 multis,
967 2534 999 2581 et
1037 2522 1165 2587 nosses
1190 2522 1233 2589 de
1269 2530 1315 2594 Re

314 2620 318 2630 ¹
373 2630 501 2721 publica
541 2629 629 2697 libris
660 2629 800 2698 fecimus.
855 2632 939 2697 Sunt
968 2635 1060 2700 etiam
1091 2635 1133 2701 de
1177 2641 1315 2711 Oratore

374 2750 472 2813 nostri
498 2765 579 2828 tres,
602 2747 680 2811 mihi
702 2748 901 2813 vehementer
925 2750 1060 2847 probati.
1103 2753 1142 2818 In
1160 2757 1203 2821 eis
1224 2786 1312 2849 quo-

374 2888 437 2956 qne
469 2888 522 2929 eae
556 2886 706 2952 personae
730 2880 831 2947 sunt,
850 2882 885 2930 ut
910 2864 988 2931 mihi
1012 2867 1182 2937 tacendum
1205 2874 1311 2945 fuerit.
1400 2904 1401 2949 3

372 2980 554 3048 Crassus
573 3004 658 3047 enun
677 2979 837 3077 loquitur,
862 2982 1102 3068 Antonius,
1126 2989 1313 3060 Catulus

371 3076 486 3184 senex,
535 3099 574 3165 C.
606 3098 771 3178 Julius,
809 3096 904 3162 frater
938 3078 1108 3183 Catuli,
1150 3108 1310 3192 Cotta,
1398 3150 1401 3173 ⁴

370 3213 614 3303 Sulpicius.
660 3212 762 3276 Puero
782 3234 832 3274 me
856 3210 908 3277 hic
929 3235 1031 3279 sermo
1054 3214 1242 3308 inducitur,
1277 3211 1311 3293 ut

372 3332 474 3397 nullae
510 3352 574 3394 essa
605 3344 732 3418 possent
756 3344 859 3415 partes
882 3354 976 3400 meae.
1020 3334 1111 3423 Quae
1130 3350 1237 3409 autem
1263 3345 1312 3411 his
1400 3332 1401 3335 Ἴ

373 3447 709 3538 temporibusscripsi‚
734 3441 944 3537 Ἀριςοτέλειον
969 3477 1088 3525 rnorem
1113 3458 1236 3531 habent
1251 3466 1312 3557 (2),
1400 3492 1401 3519 ³

375 3623 602 3641 ...a-...q

417 3712 456 3788 (l)
479 3710 501 3770 l.
529 3710 604 3783 Xlll,
634 3710 688 3789 Ep.
722 3712 770 3771 19.
816 3711 854 3790 (9)
878 3714 916 3773 lta
940 3714 1012 3793 legg.
1037 3736 1089 3795 pro
1112 3722 1316 3807 vulgatosigno

306 3874 309 3880 .
376 3822 457 3883 colon
481 3839 530 3880 seu
555 3822 725 3899 senticolou,
749 3823 793 3882 vel
821 3842 872 3901 pro
901 3826 1097 3905 iuterropoudi
1117 3830 1216 3909 signo,
1241 3840 1315 3916 quod
1400 3840 1401 3869 l

376 3930 570 3996 Ernestius
589 3932 724 4009 reposuit.
768 3931 857 3992 Video
874 3934 933 4012 jam
954 3946 1016 3995 ante
1044 3956 1089 3997 me
1124 3939 1197 4002 hunc
1223 3944 1315 4007 locum

320 4115 323 4119 μ
375 4042 414 4103 ita
438 4038 600 4101 emendasse
633 4038 845 4101 Gorenzium
888 4042 923 4101 ad
965 4041 1037 4103 Cic.
1061 4043 1096 4108 ds
1124 4048 1186 4111 rin.
1208 4051 1314 4117 Introd-
