2817 5009
809 481 874 550 208

353 670 498 735 omnuim
518 669 623 734 omnia
644 667 782 752 exigatis3
810 662 1175 751 maluttanensem,
1202 667 1313 738 muita

351 787 469 864 eoam,
495 807 586 874 ‘quae
620 785 679 850 Vir
699 781 863 850 doctrinae
884 783 973 871 copia
994 781 1168 873 completus
1196 803 1308 878 atque

350 897 494 964 excultus
524 914 665 966 accurate
701 897 913 987 exposuisset3
945 897 1091 985 juvenilia
1124 922 1197 966 vero
1228 924 1307 968 rnen

351 1031 455 1093 actas,
489 1018 523 1080 in
561 1015 654 1081 literis
684 1030 780 1102 atque
809 1011 961 1080 doctrinis
981 1017 1070 1103 quasi
1093 1015 1204 1108 hospes
1233 1042 1305 1086 nec

349 1135 420 1199 satis
454 1149 591 1213 versata,
623 1131 732 1198 leviter
765 1146 887 1196 tantum
917 1132 1028 1214 attigit.
1083 1131 1182 1222 Quod
1218 1159 1302 1202 vero

282 1313 288 1334 ,
348 1256 454 1318 ιιιίιιιο
479 1275 542 1318 non
560 1247 814 1342 desponderem,
839 1249 911 1313 exin
935 1249 1067 1315 maxime
1094 1249 1213 1318 factum
1226 1275 1298 1318 esoe
1404 1267 1406 1278 '

347 1370 495 1444 arbitror,
517 1363 625 1458 qnod,
648 1366 709 1431 hac
728 1365 860 1430 maxime
881 1362 1098 1454 disquisitione
1109 1362 1194 1432 diem
1203 1363 1296 1432 diem

346 1483 462 1550 docere
497 1480 650 1562 edoctus,
683 1480 880 1545 verissimum
901 1476 1034 1568 quidem
1055 1479 1117 1546 hoc
1142 1480 1281 1569 pbiloso-

347 1605 488 1694 phorum
506 1602 631 1667 dictum
651 1601 877 1666 existimarem:
915 1603 1033 1666 critica
1057 1605 1130 1666 ceri
1148 1604 1292 1668 obraarsa

347 1731 416 1794 est‚·
438 1716 516 1784 iliud
533 1740 608 1783 sero
620 1714 719 1781 'simul
738 1717 944 1805 experientiae
970 1714 1088 1782 foetum
1110 1714 1291 1783 dicendum

342 1861 409 1902 esse
431 1831 647 1913 confiderem
673 1856 771 1922 quam
791 1832 1017 1922 experientiam
1037 1833 1061 1896 si
1084 1831 1179 1899 modo
1199 1857 1287 1900 asse-

346 1956 404 2042 qui
426 1952 615 2043 potuim,
638 1950 743 2013 mium
764 1947 857 2013 latam
885 1947 1020 2014 fortassis
1031 1964 1163 2036 stragem
1173 1953 1286 2016 subti-

344 2068 429 2135 mide
446 2082 678 2155 exspectarem,
702 2081 833 2152 tamque
856 2062 1078 2153 imperfectum
1108 2085 1188 2153 opus
1199 2089 1284 2152 pro·

342 2184 419 2249 dere
448 2199 574 2248 coactus
601 2204 667 2246 non
698 2179 836 2244 fuissem.
888 2180 999 2245 Unum
1030 2196 1151 2247 tantum
1184 2181 1284 2248 credo

344 2327 396 2368 me
411 2304 486 2389 jure
510 2314 616 2389 petere
641 2319 750 2387 posse,
772 2292 977 2380 investigandi
998 2292 1141 2362 ardorem
1175 2299 1208 2361 in
1228 2297 1281 2363 his

341 2416 519 2483 studiorum
548 2435 690 2479 meorum
726 2409 907 2500 primordiis
938 2433 978 2476 ne
1015 2413 1192 2502 spernatis,
1226 2430 1277 2495 et,

339 2538 364 2601 si
381 2534 462 2600 sorte
490 2532 523 2594 iu
546 2529 607 2593 hac
627 2525 866 2615 disquisitione,
889 2526 1008 2615 inqua
1031 2527 1153 2594 critices
1176 2553 1276 2616 prae-

338 2664 504 2740 ceptorum
538 2642 764 2710 observantiam
795 2642 909 2707 summi
938 2644 1092 2708 momenti
1101 2666 1165 2708 esse
1177 2641 1274 2726 duxi,

336 2771 370 2832 in
400 2783 595 2828 summorum
629 2757 707 2823 adeo
728 2757 878 2822 Virorum
906 2760 1073 2842 sententias
1096 2761 1269 2826 nimiove-

337 2883 504 2948 hementer
524 2877 667 2940 invectus
686 2896 750 2938 esse
772 2871 895 2957 videar,
919 2897 985 2940 noa
1006 2876 1169 2965 partium,
1203 2900 1271 2944 non

335 3021 431 3065 vanae
460 2993 668 3079 arrogantiae,
692 3013 757 3056 nou
782 2989 995 3075 argutiarum,
1018 2988 1072 3056 sed
1091 2993 1268 3070 unicaru-

332 3115 431 3184 ritatis
452 3112 516 3176 sive
541 3130 629 3173 verae
648 3107 770 3172 critices
791 3103 898 3172 studio
917 3129 968 3171 me
991 3105 1085 3172 fuisse
1109 3104 1266 3191 ductum,

332 3240 467 3309 Platonis
502 3232 553 3322 (l)
588 3233 777 3298 sententiae-z
814 3223 953 3300 Ἀλήθεια
978 3227 1045 3316 δή,
1072 3238 1188 3298 πάντων
1213 3231 1267 3320 μὲν

330 3364 450 3453 ἀγαθῶν
476 3360 547 3429 θεοῖς
575 3338 725 3442 ἤεισα,
764 3357 880 3418 πάντων
910 3351 945 3419 δὲ
970 3355 1144 3446 ἀνθρώποις,
1175 3357 1265 3424 mua

329 3485 565 3553 immemorem,
588 3469 714 3538 Vobis
736 3493 921 3562 persuasum
942 3472 1080 3540 habeatis
1103 3472 1205 3542 veiim.

324 3650 530 3673 ff

369 3734 408 3809 (i)
431 3731 466 3790 de
493 3729 579 3807 Legg.
609 3728 645 3804 V,
671 3748 701 3806 p.
732 3727 803 3795 605,
827 3727 860 3787 F.
886 3727 940 3790 Ed.
962 3729 1038 3790 Fic.
