2817 5009
541 478 602 548 101

104 684 205 750 qnam
227 662 327 729 locuti
348 682 465 725 sumus.
489 658 553 725 Sed
576 662 657 754 nosti
679 685 799 729 morcui
811 661 1046 751 dialogorum.''

102 778 265 867 Imprimis
288 800 364 845 vero
382 800 421 842 cx
442 778 559 863 egregia
581 776 621 843 ad
635 778 966 870 AtticumEpistola
980 782 1041 869 (Ut

104 892 177 973 „In
194 893 375 960 Varrone
394 892 453 956 ista
480 916 568 958 causa
593 916 731 959 menon
754 913 912 979 moveret,
937 900 1039 964 nevi-

102 1010 200 1079 ‹iercr
231 1010 411 1103 φιλένδοξοςε
435 1016 479 1082 sic
502 991 587 1081 enim
609 1017 859 1098 constituebam,
884 1020 1043 1084 neminem

101 1128 271 1199 includere
302 1134 337 1197 in
370 1131 505 1220 dialogos
536 1156 644 1201 eorum
677 1136 734 1224 qui
767 1134 927 1200 viverent:
965 1132 1043 1211 scd,

102 1248 185 1336 quia
217 1248 325 1313 scribis
356 1264 388 1315 ct
421 1248 588 1315 desiderari
619 1275 636 1315 a
668 1252 863 1331 Varrone,
886 1268 917 1316 et
940 1252 1045 1337 magni

101 1360 196 1428 illum
229 1366 408 1448 aestimare,
440 1388 492 1431 ecs
523 1364 667 1450 confeci3
700 1382 733 1431 ct
767 1366 908 1446 absolvi,
942 1368 1045 1434 nascio

106 1503 206 1568 quarn
238 1482 338 1565 bene,
370 1479 425 1547 sed
447 1483 492 1548 ita
511 1498 679 1564 accurate,
699 1498 736 1548 ut
758 1481 839 1549 nihil
863 1500 965 1571 posset
985 1508 1042 1549 su-

107 1619 189 1686 pra,
216 1596 433 1665 Academicum
451 1622 578 1664 omnem
601 1600 815 1687 quaestionem
836 1599 923 1666 libris
942 1616 1041 1691 quat-

109 1738 193 1788 tuor.
260 1724 299 1786 in
332 1723 402 1804 eis,
450 1744 531 1811 quac
566 1738 665 1786 erant.
690 1740 799 1787 contra
841 1722 1050 1807 ἀκαταληψίαν.

108 1833 270 1928 praeclare
300 1832 429 1900 collecta
445 1836 486 1898 ab
507 1834 725 1913 Antiocho,
749 1836 924 1900 Varroni
947 1833 1048 1901 dadi:

111 1948 154 2015 ad
176 1974 211 2015 ea
232 1951 300 2040 ipsc
321 1946 519 2040 respondeo:
545 1965 580 2013 tu
600 1972 633 2013 es
654 1951 763 2015 tertius
787 1950 821 2013 in
830 1973 972 2016 sermone
983 1976 1045 2018 no·

112 2086 189 2136 stro.
221 2068 256 2135 si
278 2070 436 2158 Cottam
458 2083 490 2132 et
511 2068 734 2134 Varronem
755 2066 895 2133 fecissem
913 2068 995 2131 inter
1018 2090 1049 2132 se

114 2184 334 2274 disputantes,
365 2200 402 2249 ut
435 2209 451 2248 a
485 2200 514 2247 te
542 2185 694 2271 proximis
725 2182 825 2248 literis
856 2180 1052 2280 admoneor,

114 2332 224 2373 meum
263 2293 356 2399 mpii
380 2309 532 2397 πρόσωπον
552 2323 640 2372 esset.
662 2344 706 2357 -
760 2308 844 2373 Haec
875 2304 1049 2373 Academi·

112 2450 176 2507 ca,
202 2440 235 2488 ut
257 2424 339 2507 scis,
362 2420 437 2490 cuni
458 2423 629 2505 Catu-lo,
652 2422 841 2503 Lucullo,
872 2424 1047 2490 Horten-

112 2541 171 2606 sio
204 2538 428 2607 conmissum..
461 2540 543 2606 Sanc
564 2541 599 2603 in
616 2559 763 2627 personas
786 2562 852 2605 non
884 2538 1056 2605 cadebant..

112 2662 215 2727 Erant
245 2664 331 2730 enim
361 2662 566 2753 λογικώτερα,
594 2686 689 2752 quam
720 2680 757 2727 ut
788 2662 831 2727 illi
862 2660 903 2727 de
931 2663 966 2727 iis
994 2685 1049 2727 sc·

113 2781 246 2846 mniassc
267 2781 412 2867 unquam
438 2779 629 2847 viderentur.
652 2782 785 2869 Itaque,
810 2794 846 2844 ut
864 2776 1049 2864 lagituasde

114 2902 313 2978 Varrone,
347 2915 498 2987 tanquam
539 2902 655 2989 ἑρμαῖον
674 2902 803 2989 arripui.
850 2901 965 2989 Aptius
987 2922 1052 2963 csse
1088 2900 1090 2904 ’

116 3012 197 3080 nihil
227 3014 333 3103 potuit
369 3010 410 3077 ad
442 3010 476 3077 id
510 3013 728 3105 phssosophiae
759 3034 877 3096 genus,
916 3034 982 3099 quo
1001 3010 1053 3074 ille
1127 2994 1133 3011 ⁸

117 3130 252 3195 maxime
271 3126 348 3194 mihi
374 3125 523 3194 delectari
547 3124 691 3208 videtur,
715 3148 860 3214 measque
871 3139 992 3213 partes,
1017 3138 1053 3188 ut

118 3236 184 3313 non
203 3244 261 3311 sim
280 3260 486 3327 consecutus,
510 3261 547 3309 ut
570 3244 807 3331 superiormea
830 3262 918 3307 causa
942 3236 1052 3306 videa-

120 3384 182 3434 tur.
237 3366 321 3435 Sunt
354 3367 441 3431 enim
474 3366 677 3433 vehementer
708 3364 818 3431 πιθανοὶ
857 3358 1053 3453 Ἀντιόχεια,

120 3492 201 3573 quae
219 3480 385 3568 diligenter
407 3481 424 3545 ai
448 3504 499 3545 mc
520 3504 663 3569 expressa
675 3505 808 3549 acumen
820 3482 940 3548 hahent
966 3482 1051 3547 An-

121 3596 269 3679 tiochi,
298 3598 432 3663 nitorem
458 3596 605 3663 orationis
629 3598 807 3663 nostrum.'’

163 3709 350 3780 Studiorum
369 3711 595 3780 commercium
621 3712 810 3777 Atticum
831 3713 913 3776 inter
931 3728 971 3779 ct¹
987 3710 1053 3777 Ci-

122 3849 327 3909 ccronem,
352 3825 440 3891 hunc
462 3825 501 3890 ad
525 3825 722 3915 praeclarum
742 3824 829 3891 iilum
848 3826 1051 3893 Aristote-

164 4077 205 4152 (i)
228 4077 264 4135 ad
283 4077 352 4137 au.
377 4078 449 4155 xttt,
473 4078 527 4157 Ep.
554 4082 601 4140 19.
