2817 5009
797 438 842 507 80

619 618 671 687 De
692 620 888 689 Aristotelio
909 642 1009 689 more.

275 850 279 857 ’
395 854 463 928 td,
479 854 564 921 banc
593 852 802 939 gravisimum
831 852 1071 951 quaestionem,
1109 850 1290 925 dialectices

350 992 426 1043 cum
455 967 634 1061 eloquentia
673 965 899 1053 conjunctione
928 966 1062 1057 ipsaque
1087 965 1290 1059 eloquentiae

351 1084 546 1175 expositione
576 1106 637 1173 pro
668 1096 759 1170 parte
777 1082 847 1167 jam
870 1077 1025 1166 solutam,
1055 1083 1185 1151 uberim
1207 1109 1292 1177 per-

352 1194 571 1277 taactandam,
601 1210 715 1285 sponte
735 1195 803 1277 via,
828 1218 925 1285 quam
947 1197 1077 1283 ingressi
1096 1222 1204 1266 sumus
1228 1225 1288 1269 nos

351 1310 513 1405 perduxit.
536 1311 732 1395 „Cicero”
757 1310 863 1391 enim,
885 1326 923 1377 ut
949 1314 1074 1379 monuit
1094 1313 1288 1382 Kuehne·

352 1456 426 1499 rua
443 1430 507 1518 (l),
524 1430 595 1513 „in
615 1426 742 1515 dialogis
761 1428 823 1495 suis
847 1430 1028 1497 socraticam
1047 1429 1180 1521 quidem
1205 1456 1288 1500 con-

352 1563 400 1615 tra
433 1544 557 1613 alterius
590 1544 773 1635 opinionem
805 1540 978 1609 disserendi
1028 1544 1292 1615 consuetudinem

353 1675 505 1750 sequutus
533 1673 600 1741 est,
629 1654 686 1722 aed
719 1673 824 1723 tamen
847 1658 942 1745 magis
963 1655 1004 1724 ad
1025 1659 1293 1729 Aristotelis

332 1788 334 1793 ’
352 1776 508 1844 rationem
530 1773 692 1850 accessit?
707 1808 751 1823 -
772 1773 913 1855 „Hanc”
939 1774 1025 1841 enim
1038 1774 1218 1857 „subtiliter
1237 1779 1292 1845 in-
1398 1840 1399 1861 χ

355 1887 534 1977 tenogandi
552 1904 585 1955 et
606 1884 823 1978 respondendi
839 1888 991 1957 tationem
1009 1890 1109 1955 rarius
1134 1888 1293 1977 adhibuit,

354 2004 411 2086 ted
434 2000 768 2095 copiosiusquuddam
789 2018 822 2068 et
843 2004 971 2071 uberius
993 2019 1088 2097 atque
1106 2005 1215 2075 fusum
1233 2033 1291 2097 ge.
1398 1998 1399 2047 ἶ

354 2158 417 2202 nne
445 2149 597 2224 sequutus
620 2148 686 2197 eat:
713 2131 770 2221 qui
797 2148 952 2199 eratmos
977 2125 1219 2223 'Augustani

401 2244 581 2340 Deperditis
616 2268 684 2311 non
703 2261 830 2313 tantum
852 2246 1113 2336 Aristotelis,
1145 2250 1202 2319 sed
1236 2252 1291 2319 di·

357 2361 554 2456 scipulorum
574 2360 668 2426 etiam
681 2356 829 2447 dialogis,
852 2378 1025 2433 eveteaum
1035 2366 1198 2433 sententiis
1210 2393 1297 2457 qua-

357 2482 402 2549 les
431 2479 559 2549 luerint·
565 2476 712 2566 judicare
734 2478 893 2563 cogimur..
916 2481 947 2548 A
969 2480 1154 2551 Platonis
1173 2486 1298 2553 ratione
1399 2507 1400 2553 ι

358 2593 642 2667 Aristotelem
674 2595 711 2659 in
755 2591 881 2681 dialogis
914 2593 1109 2683 dissedisse,
1151 2615 1223 2665 tum
1257 2624 1298 2667 cx

357 2714 442 2781 varia
471 2711 637 2802 utriusque
664 2708 912 2799 philosophandi
931 2714 1073 2796 ratione,
1097 2736 1138 2779 ex
1155 2714 1298 2800 invidia,

361 2851 427 2919 qne
446 2824 525 2892 alter
543 2824 675 2891 alterum
699 2826 849 2915 prosequi
870 2824 999 2913 solebat,
1010 2826 1135 2895 efficere
1144 2826 1220 2896 licet
1233 2827 1296 2919 (2),

361 2962 432 3013 tum
453 2942 587 3009 maxima
608 2939 802 3027 intelligitur·
816 2965 854 3007 ex
883 2943 938 3026 iis,
964 2966 1045 3034 quae
1064 2945 1297 3039 jamobsam.

361 3063 407 3131 vit
433 3058 611 3128 Basilius
639 3058 850 3144 Magnuss
876 3056 1018 3124 eruditus
1051 3057 1197 3129 ecclesiae
1233 3059 1299 3128 do·

363 3204 433 3257 ctor
463 3185 512 3275 (3)
539 3214 548 3252 ι
594 3188 650 3249 τῶν
673 3179 797 3259 ’ἔξωθεν
823 3182 981 3274 φιλοσόφων
1006 3184 1032 3249 οἱ
1058 3184 1122 3259 τοὺς
1146 3182 1300 3277 διαλόγους

362 3309 609 3400 σνῃράψανιες,
635 3299 825 3395 'Apuleiae
856 3305 909 3393 μὲν
939 3306 988 3371 καὶ
1014 3309 1184 3400 Θεόφραςος
1220 3310 1299 3385 εὐθὺς

362 3431 457 3498 αὐτῶν
498 3430 607 3518 ἥψαντο
644 3432 702 3492 τῶν
742 3432 923 3519 πραγμάτων
969 3428 1024 3497 διὰ
1056 3432 1101 3498 Δτὸ
1136 3431 1297 3501 συνειδέναι

363 3556 471 3632 ἑαντοῖς
497 3559 554 3622 τῶν
579 3552 768 3621 Πλαταιικῶν
794 3555 924 3645 χαρίτων
957 3556 1008 3625 τὴν
1036 3550 1160 3623 ἔνδειαν.
1203 3558 1303 3624 Πλιί-Δ

381 3812 452 3888 ’(Ι)
472 3808 506 3871 0.
540 3812 561 3871 l.
593 3831 625 3891 p.
657 3812 715 3873 149
735 3825 764 3872 et
794 3812 863 3873 150.
908 3810 962 3873 (ΙΙΙ.
993 3831 1064 3892 quae
1088 3812 1298 3875 attulitCiec-

365 3921 473 3983 ranis
503 3921 575 3982 loca.
619 3922 659 3997 ἃ)
693 3921 966 3989 8ιιΙιι,,Αιίιι.
1003 3923 1024 3990 Ι,
1065 3942 1096 4002 p.
1124 3924 1175 3999 55,
1206 3924 1241 3999 ΙΙ,
1266 3943 1295 4001 p.

218 4039 222 4048 '
364 4030 437 4093 285.
483 4030 523 4103 (3)
545 4030 634 4109 Epist.
666 4030 798 4107 CLXVll,
823 4031 901 4093 Tom·
930 4031 1002 4111 Opp.
1033 4032 1080 4108 ΙΙΙ,
1102 4052 1132 4110 p.
1155 4031 1213 4092 187
1243 4030 1276 4091 C.
