2817 5009
818 416 862 484 20

419 598 520 667 Aris
535 598 721 684 toteles,
755 596 869 689 puerili
902 596 1100 665 institutione
1134 589 1309 665 medicinae

371 716 546 805 praeceptis
570 742 587 781 a
610 730 700 805 patre
720 714 884 795 imbutus,
909 729 1081 779 enatuere
1105 710 1305 803 contempla-

373 830 457 897 tione
479 855 583 919 quum
600 831 742 914 exiisset,
774 852 834 921 opc
859 815 1013 919 imprimis
1036 826 1234 914 dialecticae,
1266 818 1308 893 ad

369 943 517 1017 moralem
539 943 730 1027 doctrinam,
751 941 792 1009 ad
812 942 949 1010 hominis
967 943 1064 1035 ipsius
1083 942 1306 1029 coguitionem,

369 1057 408 1125 ad
436 1060 494 1125 Dei
514 1042 657 1127 notitiam
683 1059 847 1151 pervenit,
880 1073 929 1134 et,
964 1074 1001 1123 ut
1030 1060 1219 1125 instaurator
1240 1054 1304 1125 do·

368 1176 566 1259 ctrinarum,
590 1198 688 1261 quas,
710 1157 773 1267 pro
792 1173 963 1261 singulari,
987 1196 1054 1263 qno
1079 1172 1221 1259 valebat,
1242 1176 1303 1262 ju·
1391 1222 1396 1238 .

367 1286 442 1355 dicii
462 1304 495 1353 et
517 1290 645 1356 rationis
666 1281 830 1379 acumine,
856 1291 891 1355 in
913 1312 1026 1377 genera
1048 1305 1080 1355 ct
1105 1290 1226 1377 species
1249 1287 1304 1357 di·

366 1403 492 1471 strihuit
504 1452 514 1487 ,
538 1403 662 1472 nullum
683 1392 901 1473 doctrinarum
923 1429 1021 1498 genus
1042 1406 1200 1472 intactum
1225 1406 1302 1472 reli-

367 1520 449 1609 quit,
463 1536 494 1585 et
504 1569 514 1605 ,
526 1537 590 1587 tam
602 1514 761 1601 veterum,
784 1546 881 1613 quam
891 1521 1078 1613 aequalium,
1090 1520 1205 1614 placita
1224 1519 1302 1617 dili-

363 1636 449 1723 genti
466 1630 601 1703 examini
622 1638 766 1705 submisit
787 1654 819 1703 ct
841 1660 1030 1731 componere
1055 1635 1190 1721 studuit,
1211 1637 1303 1728 qnod

366 1775 431 1818 non
452 1753 555 1820 minus
581 1776 599 1819 e
621 1750 786 1820 rhetoricis
809 1770 841 1819 et
864 1753 1022 1846 politicis,
1050 1776 1147 1844 qnam
1170 1777 1188 1817 e
1209 1752 1300 1845 phy·
1389 1816 1395 1837 ,

367 1869 435 1934 sicis
456 1886 487 1934 et
505 1870 727 1962 metaphysicis
749 1873 816 1958 ejus
837 1871 963 1962 scriptis
984 1884 1125 1961 apparet.
1170 1870 1300 1958 Quanta

365 1986 459 2052 suerit
481 1987 560 2053 illins
582 1990 697 2075 ingenii
719 1992 809 2081 copia
831 2007 863 2056 et
887 1988 1065 2076 amplitudo
1087 1990 1206 2076 egregie
1226 1988 1298 2056 elu-

365 2120 414 2169 cet
436 2128 475 2171 ex
498 2104 558 2171 hac
580 2106 647 2191 ejus
666 2103 752 2196 apud
775 2106 1040 2174 Ciceronem
1055 2102 1105 2196 (l)
1124 2108 1295 2173 sententia:

365 2200 709 2306 „A1·istot.cles,
742 2240 859 2295 veteres
891 2221 1095 2315 philosophos
1128 2248 1297 2308 accusans,

366 2337 423 2423 qui
441 2336 716 2421 existimavissent,
749 2339 983 2431 philosophiam
1005 2341 1067 2407 suis
1085 2341 1217 2427 ingeniis
1233 2364 1298 2407 esse

367 2450 563 2540 perlectam,
589 2454 652 2537 ait,
684 2478 735 2520 eos
757 2469 811 2519 ant
826 2453 1020 2520 stultissimos
1041 2470 1095 2521 ant
1112 2453 1297 2541 gloriosissi-

364 2590 431 2632 mos
450 2565 563 2649 luisse3
587 2566 643 2633 sed
664 2566 840 2649 revidere,
863 2565 951 2658 quod
969 2570 1179 2659 paucisaunis
1187 2594 1299 2657 magun

367 2684 499 2750 accessio
522 2682 601 2751 facta
627 2702 728 2769 essct,
767 2685 855 2752 brevi
890 2702 1034 2773 tempore
1065 2681 1298 2773 philosophiam

365 2799 457 2886 plane
467 2802 638 2867 absolutam
656 2800 734 2868 lore.
749 2804 771 2839 “
784 2838 828 2850 -
841 2800 876 2865 si
897 2797 978 2865 fides
1003 2798 1149 2865 habenda
1166 2816 1212 2865 est
1232 2801 1299 2866 eius

368 2916 521 2982 librorum
570 2916 748 2998 indicibus,
795 2935 927 2981 numero
966 2915 1032 2980 fere
1074 2913 1299 3006 quadringenti

364 3032 458 3098 inisse
500 3032 673 3100 videntur:
721 3034 932 3113 „Persecutns
970 3047 1016 3095 eat
1065 3031 1294 3097 Aristotc-

364 3147 483 3231 les,”
520 3164 556 3212 ut
588 3150 629 3212 ait
657 3150 823 3214 Cicero
845 3146 912 3233 (2),
947 3147 1189 3230 „animantium
1223 3170 1296 3214 om-

368 3266 458 3326 nium
487 3278 594 3342 ortus,
626 3263 752 3344 vicine,
794 3260 920 3346 figuras.
965 3260 1144 3327 Disserendi
1175 3264 1215 3327 ab
1238 3286 1297 3328 eo·

362 3376 434 3444 deni
457 3376 521 3443 no'n
542 3376 701 3445 dialectice
723 3375 844 3465 solum,
869 3378 923 3444 sed
943 3382 1035 3445 etiam
1048 3381 1179 3447 oratorie
1197 3404 1295 3471 prae-

367 3488 457 3587 cepte
481 3511 555 3561 snnt
568 3494 680 3561 tradita
692 3520 702 3564 ‘a
728 3498 767 3561 ab
791 3496 818 3562 A
830 3498 866 3561 ri
879 3521 893 3562 s
905 3513 917 3561 t
927 3521 946 3563 o
957 3496 1062 3586 teleq
1076 3520 1127 3561 ne
1149 3496 1298 3587 principe

364 3706 555 3719 m

367 3818 458 3941 ‚pi
482 3818 564 3927 rusa.
603 3868 661 3943 iu,
695 3819 747 3929 en.
803 3868 859 3936 cs..
884 3869 1039 3931 neusa.
1076 3868 1160 3930 enar.
1202 3867 1297 3927 runc.

360 3974 430 4033 Phil.
454 3994 484 4051 p.
516 3976 583 4039 tes.
630 3976 668 4051 (i)
701 3976 737 4036 de
760 3976 823 4034 Fin.
852 3975 895 4051 V,
919 3977 950 4033 4.
