2817 5009
536 370 575 437 tt

20 586 21 589 ¹
101 551 222 621 adsutus
244 569 312 637 est,
335 570 392 639 ut,
426 575 524 644 quoin
546 576 614 621 rem
639 575 766 620 omnem
796 556 837 622 ab
870 557 1032 625 Antio-

103 672 181 738 cho
214 673 368 751 hoheret‚
403 669 445 737 de
479 668 744 738 Aristotele
778 687 883 739 tamen
914 671 1033 765 aliquid

20 774 21 777 ‘
102 789 228 860 soeret.
250 794 366 883 noque
388 788 663 882 inprobantes,
687 788 950 856 Ciceronem
972 789 1035 859 hoc

101 924 200 975 totum
222 932 262 975 ex
287 908 446 974 communi
464 929 533 973 suae
554 904 764 1001 aetatissoma
787 907 950 995 sumpsisse
972 929 1033 972 nee

100 1047 165 1091 eam
187 1024 316 1091 sortasse
339 1022 502 1111 diligenter
525 1024 770 1112 interpretatum
780 1023 878 1089 esse.’'
931 1022 1035 1088 Verba

99 1141 186 1207 enim
205 1139 255 1205 illo
270 1188 279 1223 ,
292 1140 423 1227 quodin
442 1140 685 1206 commentariis
704 1138 932 1226 reliquerunt,
943 1138 1037 1205 unice

99 1281 136 1329 ut
171 1264 350 1355 oppositum
371 1261 557 1330 vocabulum
583 1257 747 1350 ἐξωτερικόν
769 1262 862 1347 magis
892 1260 1036 1345 eluceat,

100 1394 269 1467 usurpata,
304 1402 423 1445 morem
459 1393 601 1445 veterum
632 1375 917 1468 philosophorum,
952 1400 1035 1442 nea

102 1509 208 1560 nostro
245 1492 376 1583 quidem
410 1517 484 1561 sevo
516 1492 675 1577 alienum,
711 1517 778 1583 quo
808 1493 868 1586 ipsi
889 1492 1034 1583 praelec-

102 1610 198 1675 tiones
234 1632 302 1674 suas
346 1612 383 1673 in
428 1607 532 1675 luoem
576 1630 641 1675 uon
688 1606 902 1697 protrahant,
943 1607 1038 1700 plane

102 1724 254 1791 referunt.

147 1842 235 1905 Haeo
268 1852 471 1923 argumento,
501 1860 582 1924 quae
610 1836 746 1903 strictim
777 1851 903 1901 tontum
935 1838 1041 1924 attigi,

101 1953 252 2021 sufficere
294 1952 373 2019 mihi
409 1949 558 2019 videntur
581 1949 621 2017 otl
664 1950 906 2018 Strabonis
939 1952 1041 2025 trodi-

104 2072 246 2154 tionem,
272 2093 332 2161 pro
359 2085 449 2160 parte
470 2066 600 2151 saltem,
623 2066 827 2137 refellendam
853 2068 912 2157 (l).

149 2325 190 2399 (l)
219 2323 287 2383 Fata
309 2323 540 2383 Aristotelis
569 2324 746 2402 scriptorum,
762 2328 954 2407 praeteriero
982 2330 1042 2389 lan·

107 2435 189 2493 datos
224 2432 395 2511 scriptores,
430 2446 616 2512 exposuerunt
653 2454 764 2513 qnoque
800 2435 1040 2514 Schneider,

109 2543 280 2621 Epimetrum
309 2544 345 2605 de
378 2544 442 2605 satis
466 2545 531 2607 libr.
558 2545 672 2605 Arist.
694 2559 760 2623 post
787 2560 905 2610 mortem
929 2549 1044 2609 Theo-

108 2651 256 2727 phrasti
267 2672 353 2730 usque
368 2654 403 2712 od
417 2666 542 2732 temporo
563 2656 672 2735 Solio
685 2674 701 2715 e
716 2698 726 2732 ‚
739 2656 803 2716 Vol.
817 2658 839 2722 l,
850 2676 880 2737 p.
895 2657 945 2723 76.
966 2676 1042 2739 sqq,

114 2758 260 2840 heyne,
286 2760 392 2839 Opuse.
403 2762 491 2822 hond.
518 2764 583 2823 Vol.
595 2766 617 2832 l,
629 2785 659 2844 p.
684 2766 753 2833 tet,
768 2767 892 2828 Buhlo
908 2812 917 2843 ,
933 2767 1042 2830 Comm.

109 2870 147 2929 do
171 2868 251 2925 libris
270 2868 392 2928 Arist.
412 2889 545 2957 vooroam.
574 2884 602 2931 et
621 2886 695 2932 exot.
721 2873 828 2934 Gott.
846 2876 926 2936 1788
950 2890 978 2936 et
991 2879 1046 2937 Ge-

113 2978 238 3037 schiohte
253 2978 308 3037 der
333 2978 406 3037 Phil.
436 2979 470 3039 T.
493 2979 528 3055 ll,
545 2999 574 3057 p.
594 2980 654 3038 5t8
678 2994 707 3039 et
729 2982 763 3039 Τ.
791 2982 838 3049 tv,
865 3003 894 3062 p.
918 2985 970 3059 55,
997 2986 1047 3051 56,

112 3100 177 3147 nota
204 3107 230 3154 a,
258 3088 383 3148 Sohlo
395 3108 498 3167 sser‚
516 3089 597 3150 Univ.
628 3090 700 3149 Hist.
719 3134 728 3165 ,
745 3090 841 3150 obers.
867 3092 918 3151 ‹ler
943 3092 1047 3153 Gesoh.

116 3198 166 3257 der
191 3198 264 3256 alten
289 3198 435 3260 Weltuod
460 3200 535 3261 ihrer
560 3198 676 3277 Cultor,
701 3200 734 3266 T.
757 3200 791 3280 ll,
815 3200 844 3270 2,
860 3221 891 3280 p.
909 3202 967 3263 tlt
984 3198 1047 3284 sqq.
