2817 5009
420 571 424 578 ¹
544 533 603 598 tet

106 721 217 803 nasci,
241 741 323 808 quae
344 741 446 783 unum
468 715 553 782 diem
575 717 715 784 vivant’'.
761 715 901 784 Maxime
920 741 994 786 vero
1013 721 1048 784 in

105 836 196 902 libris
217 831 259 900 de
277 835 395 899 Nature
418 835 577 917 Deorum,
601 833 635 898 in
660 834 776 922 quibus
797 850 859 900 tota
875 831 1050 926 disquisitio

105 953 180 1022 libri
203 950 346 1035 secundi,
370 977 387 1016 a
411 952 512 1040 capite
535 953 578 1018 48
600 949 640 1016 ad
663 953 718 1034 52,
748 956 766 1040 §
795 953 867 1036 130,
880 975 919 1017 cx
928 950 1053 1020 laudato

107 1069 375 1138 Aristotelis
404 1091 499 1160 opere
523 1085 624 1134 sumta
636 1066 786 1154 videtur3
812 1092 850 1134 ex
872 1094 936 1158 qna
948 1093 1046 1160 prae-

105 1191 202 1280 cipua
224 1187 289 1253 loca
313 1185 553 1277 comparationis
575 1187 670 1272 gratia
695 1185 805 1252 afferro
827 1182 983 1271 sufficiet3
1010 1203 1046 1252 nt

104 1306 210 1396 capite
233 1305 293 1370 te:
319 1302 420 1387 „Legi
440 1303 534 1366 etiam
554 1302 728 1390 scriptum,
752 1325 814 1368 esse
833 1325 921 1369 avem
936 1325 1045 1394 quan-

98 1419 203 1502 dam,
229 1441 309 1509 quoe
331 1415 460 1483 Platalea
486 1419 702 1484 nominaretur
722 1417 782 1508 (Ι).
798 1457 843 1474 -·
865 1416 1048 1507 Eademque

106 1540 187 1604 haec
208 1537 271 1601 avis
288 1535 439 1602 scribitur
462 1533 589 1602 conchis
601 1534 739 1602 sesolere
752 1536 920 1627 complere,
931 1561 1044 1626 easque

105 1677 212 1746 quum
241 1651 391 1718 stomachi
412 1650 512 1717 calore
545 1654 747 1733 concoxerit,
781 1675 922 1718 evomere
950 1669 1045 1742 atque

106 1773 153 1835 ita
181 1769 292 1854 eligere
329 1791 369 1832 ex
390 1769 449 1848 iis,
485 1791 566 1858 quae
587 1783 661 1831 sunt
680 1766 836 1833 esculenta
857 1765 917 1854 (2).
939 1769 1043 1832 Ranae

107 1902 214 1951 autem
247 1884 383 1948 marinae
411 1881 563 1949 dicuntur
591 1884 726 1947 obruere
748 1905 812 1947 sese
836 1904 932 1962 arena¹
950 1881 1046 1950 solere

107 2019 140 2066 et
172 2000 289 2067 moveri
321 2023 423 2090 prope
443 2023 578 2089 aquam,
601 1997 641 2064 ad
664 2023 741 2090 quas
764 1999 853 2089 quasi
874 1995 915 2062 ed
943 2021 1045 2064 escam

107 2119 215 2209 pisces
229 2139 331 2205 quum
350 2116 551 2196 accesserint,
575 2113 691 2181 confici
711 2141 727 2178 a
750 2115 830 2179 ranis
853 2129 948 2204 atque
961 2137 1043 2182 con-

108 2233 191 2297 sumi
225 2228 285 2321 (3).
342 2230 442 2298 Milvo
473 2231 522 2317 (4)
559 2247 605 2295 est
629 2228 793 2320 quoddam
814 2228 935 2324 bellum
957 2231 1047 2320 quasi

108 2348 251 2415 naturale
275 2373 349 2415 cum
373 2370 488 2431 corve,
525 2370 600 2433 ergo
620 2347 697 2412 alter
716 2347 839 2414 alterius
861 2349 1047 2436 ubicunque
1114 2417 1118 2430 ,

105 2478 221 2530 nactus
253 2480 300 2529 est
328 2487 408 2546 ova,
439 2463 565 2548 frangit.
610 2459 693 2528 Illud
717 2485 790 2530 vero
817 2463 865 2552 (o)
883 2459 928 2530 ¹eh
953 2463 1045 2530 Ari-

150 2635 191 2712 (Ι)
213 2633 267 2693 Cll.
289 2633 500 2710 creatorae,
526 2635 572 2711 qui
601 2635 681 2693 allert
707 2635 813 2694 Arist.
832 2636 893 2694 Mir.
912 2636 996 2694 Auso.
1019 2657 1046 2694 c.

111 2745 149 2803 13
185 2756 215 2802 et
239 2743 378 2803 Beckm.
401 2746 436 2802 ad
464 2745 494 2803 h.
524 2745 544 2801 Ι.
571 2764 602 2822 p.
629 2744 679 2811 58,
701 2745 811 2806 Arist.
842 2747 878 2806 ΙΙ.
903 2749 937 2806 Α.
970 2749 1044 2824 vltt,

110 2853 161 2927 te,
200 2873 230 2930 p.
263 2854 335 2930 597,
362 2873 390 2913 a.
419 2856 451 2932 9,
481 2857 527 2915 ubi
554 2856 624 2916 lraec
642 2857 700 2917 aris
722 2863 831 2918 πελεκάν
851 2861 960 2921 dicitur.
1005 2865 1046 2941 (2)

107 2961 219 3020 Arist.
256 2963 293 3020 ΙΙ.
328 2964 365 3022 Α.
387 2964 437 3038 tx,
467 2966 516 3024 Ιθ.
542 2964 586 3024 ct.
611 2965 697 3024 Plin.
719 2965 755 3024 H.
779 2968 879 3042 N..X,
909 2971 959 3030 56.
1004 2975 1044 3049 (ὅ)

108 3067 220 3127 Arist.
261 3071 282 3128 Ι.
323 3070 344 3129 Ι.
380 3089 407 3128 c.
430 3071 469 3129 57
497 3073 557 3132 init.
603 3075 642 3152 (l)
664 3075 772 3136 Graece
796 3082 890 3146 ἰκτῖνος
918 3096 1043 3144 vocatur.

109 3177 155 3236 Gi.
179 3180 287 3240 Arist.
313 3180 333 3237 Ι.
357 3180 377 3239 Ι.
402 3199 429 3238 e.
459 3183 485 3248 l,
508 3202 538 3259 p.
569 3186 639 3252 609,
669 3207 695 3246 a.
711 3187 761 3246 rt.
807 3189 849 3264 (ὃ)
867 3189 938 3250 Cum
953 3193 1046 3270 priora

111 3287 197 3348 etiam
232 3306 268 3344 ex
303 3287 511 3349 Aristotele
546 3292 711 3355 ducteesse
737 3313 888 3376 appareat,
912 3300 1045 3363 Cicero

111 3396 240 3477 prolecto
262 3398 376 3457 voculae
389 3417 454 3459 aero
465 3401 647 3477 oppositionis
660 3407 716 3466 vim
731 3408 850 3469 inbuere
867 3431 921 3471 non
936 3415 1042 3491 potuit;

110 3508 135 3566 si
163 3505 245 3583 igitur
268 3506 341 3566 hunc
362 3508 454 3568 locum
478 3510 613 3588 integrum
631 3516 786 3593 relinquere
815 3519 949 3600 vefimus,
982 3527 1044 3586 huic

111 3615 172 3676 roei
214 3615 364 3674 extollendi
396 3618 450 3676 vim
486 3618 638 3679 tribuamus
675 3642 790 3686 necesse
814 3643 865 3689 est.
908 3633 1044 3703 Quocirca

111 3726 250 3802 vulgarem
273 3724 314 3784 sic
333 3727 513 3803 interpretor:
540 3728 676 3806 Pleraque
695 3733 730 3792 ab
745 3735 945 3801 Aristotele
960 3745 1046 3804 anim·

112 3834 238 3904 adversm
260 3832 329 3891 illud
355 3851 434 3907 vero,
464 3836 500 3896 dc
521 3838 644 3914 gruibus,
673 3841 709 3898 ab
735 3860 769 3900 eo
798 3846 1042 3930 animadversum,

113 3941 174 4019 quis
191 3961 246 4002 non
275 3941 416 4002 iuuetur?
443 3943 499 4004 Sed
519 3945 555 4004 de
582 3947 609 4004 lr.
631 3950 652 4006 Ι.
677 3951 790 4010 consule
812 3953 1045 4023 Moserumin

113 4050 205 4122 edim
229 4069 291 4111 cum
319 4070 374 4128 quo
394 4063 486 4114 omen
511 4055 623 4117 minime
643 4059 736 4119 fecero
757 4079 869 4139 possum
884 4069 1046 4146 conjiciente

113 4165 236 4224 voculam
255 4181 312 4223 noo
340 4177 402 4225 ante
427 4168 656 4232 animadversum
677 4193 738 4236 esse
759 4178 952 4255 inserendam
977 4205 1048 4245 eon-
