2817 5009
582 506 644 571 121

132 696 321 783 stinguere,
343 690 660 780 memoriaepmdita
671 689 871 780 d'p’udicare,
883 692 1079 763 fundamen-

133 819 200 873 tum
226 806 288 874 init
323 806 424 873 omnis
458 807 581 875 criticae
603 810 698 891 artis,
738 832 819 899 quae
840 826 908 879 orto
943 809 1077 903 quidem
1122 886 1127 893 ,

132 944 149 985 e
193 917 347 991 cernendi
380 935 446 986 arte
473 918 721 1009 inveniendique
756 922 908 992 methodo
938 925 1078 993 Pleto-

131 1040 215 1124 nis‚
246 1036 416 1127 judicandi
448 1054 552 1107 tamen
585 1040 763 1128 praeceptis
795 1041 858 1107 sive
879 1039 1080 1130 syllogisticae

129 1153 376 1223 Aristotelis
398 1158 494 1245 magis
519 1154 753 1225 accommodata
779 1157 870 1223 etab
896 1154 958 1222 hoc
991 1177 1078 1246 quo·

130 1295 197 1363 qne
228 1272 363 1339 maxime
381 1271 462 1341 culta
495 1272 558 1339 init
587 1269 647 1360 (l).
691 1272 830 1354 Critica,
853 1268 1080 1362 rddispallen-

127 1384 183 1452 das
218 1383 347 1453 nebulas
369 1410 480 1455 omnes
502 1388 537 1454 in
559 1385 665 1454 studio
685 1387 820 1454 veritatis
842 1386 997 1475 imprimis
1016 1369 1070 1451 ei-

128 1500 231 1586 ficax,
263 1500 450 1592 disputandi
485 1503 521 1569 in
560 1518 728 1593 utromque
761 1516 885 1594 partem
919 1478 1092 1569 rationemu

130 1627 264 1693 maxime
297 1628 444 1719 provexit
463 1643 496 1693 et
513 1628 629 1695 oratori
653 1624 821 1713 δεινότητα,
848 1626 912 1692 vim
932 1622 1074 1700 dicendi,

131 1740 321 1811 conciliavit.
368 1744 461 1808 llanc
482 1742 578 1827 igitur
596 1758 696 1807 artem
718 1741 1028 1833 Ciceroimprimis
1042 1742 1077 1806 in

131 1854 298 1925 censendis
331 1856 529 1940 oratoribus,
560 1853 780 1947 philosophis,
802 1852 958 1920 historicis
981 1852 1078 1921 adhi-

133 1975 228 2056 buit,
253 1988 308 2055 et,
332 1990 368 2037 nt
391 1970 633 2039 Aristoteles
666 1968 741 2060 (2),
775 1993 841 2037 non
861 1970 977 2061 scripta
996 1972 1080 2039 scri-

134 2105 305 2183 ptorumve
338 2086 514 2171 editiones,
546 2084 602 2153 sed
638 2087 721 2177 ipsos
746 2088 937 2179 scriptores,
972 2110 1082 2155 corum

135 2206 250 2297 placita
283 2205 427 2294 varinqne
457 2206 491 2270 in
524 2200 621 2269 literis
642 2203 776 2288 merita,
800 2200 1079 2270 characterismum

136 2340 174 2389 nt
196 2324 240 2388 ita
265 2319 390 2404 dicam,
412 2320 564 2414 spectavit
582 2318 725 2383 maxime.

182 2442 221 2507 In
240 2439 416 2507 oratoribus
437 2461 610 2529 eorumque
633 2436 800 2523 generibus
822 2432 1021 2503 recensendis
1044 2437 1078 2502 in

136 2558 265 2625 Bruto
286 2556 350 2622 sive
372 2552 493 2641 dialogo
512 2552 553 2619 de
576 2548 675 2620 Clan's
692 2552 903 2634 Oratoribus,
928 2552 1080 2617 Cicero

136 2674 295 2761 egregium
316 2694 349 2737 se
373 2672 522 2739 criticum
543 2671 707 2760 praestitit.
739 2668 776 2732 In
802 2690 868 2755 quo
889 2688 984 2754 opere
1007 2664 1079 2755 pal·

138 2786 239 2850 mario
268 2780 499 2850 conscribendo
533 2796 657 2872 praesto
691 2777 720 2843 ei
752 2774 813 2841 fuit
837 2775 1077 2844 Aristotelis

137 2905 245 2974 similis
265 2907 441 2994 argumenti
462 2904 543 2969 liber
564 2901 629 2991 περὶ
674 2904 785 2985 τεχνῶν
831 2908 999 2986 συναγωγῆς
1018 2899 1078 2988 (3).

136 3025 230 3092 Licet
251 3040 357 3090 antem
378 3018 437 3086 hic
461 3039 591 3105 qnoque
615 3009 819 3100 comparandi
834 3010 1012 3077 facultatem
1023 3014 1077 3079 in.

134 3141 219 3229 juria
257 3154 438 3228 temporum
472 3130 565 3197 nobis
587 3126 758 3215 eripuerit,
793 3124 948 3215 exipsius
975 3140 1078 3193 tamen

138 3250 351 3322 Ciceronis
374 3247 556 3315 testimoniis
577 3243 690 3335 quanti
715 3240 879 3333 hocopus
901 3238 1076 3328 seceritju·

139 3368 245 3437 dicare
267 3361 473 3435 concediturs
521 3410 544 3443 „
556 3360 682 3427 Veteres
710 3358 876 3450 scriptores
900 3356 997 3439 artis,
1021 3380 1077 3424 us·

140 3506 205 3575 que
227 3508 244 3548 a
268 3476 417 3575 principe
437 3471 491 3541 illo
508 3488 604 3560 atque
622 3474 787 3567 inventore
814 3474 922 3541 Tisia
957 3476 1077 3567 repeti·
1103 3456 1107 3461 ⁵

120 3772 131 3797 ⁸
182 3772 223 3851 (l)
244 3768 307 3830 Ph.
330 3766 367 3827 G.
390 3782 455 3823 van
475 3761 628 3835 lleasde,
651 3761 714 3820 lnit.
746 3762 783 3837 ll,
811 3762 847 3840 ll,
872 3782 903 3841 p.
934 3766 994 3828 lli
1014 3784 1077 3847 sqq.

142 3886 182 3963 (2)
204 3877 415 3950 Cili-Bulle,
444 3872 482 3933 0.
514 3872 535 3931 l.
559 3872 608 3949 lll,
630 3890 661 3949 p.
688 3870 750 3931 259
775 3890 837 3950 sqq.
858 3873 1076 3952 ct'litnc,0.

141 3995 163 4051 l.
193 4013 224 4069 p.
249 3990 318 4051 120.
363 3988 402 4066 (ὅ)
424 3983 477 4045 eff.
502 3982 686 4060 lleangius
708 3980 743 4043 ad
766 3980 866 4061 Diog.
891 3984 1017 4045 Lairt.
1042 3984 1077 4059 V,

144 4100 186 4159 il
215 4097 259 4175 (T.
284 4100 321 4174 ll,
351 4118 381 4177 p.
415 4094 482 4170 194)
519 4090 692 4167 etstan,
720 4090 755 4165 ll,
783 4109 812 4167 p.
847 4091 915 4151 155.
