2817 5009
560 490 629 559 1113

458 668 677 744 'tt-itm

163 815 915 921 ‚‚Aristoteles’'7ut'aitRobertellusU),
939 815 1065 898 „fatum

112 969 296 1037 numquam
315 945 350 1009 in
373 931 425 1008 sita
448 919 649 1033 philmophia
672 930 856 1023 cencessit”.
893 929 978 1022 Cum
1006 927 1067 996 itae

112 1091 194 1134 vero
218 1061 371 1128 sententia
389 1074 420 1124 et
444 1072 518 1122 cum
535 1049 597 1135 iis,
620 1072 700 1141 quae
721 1037 816 1141 s'upra
831 1045 1016 1134 jam'monul
1028 1041 1068 1108 de

113 1191 148 1256 vi
170 1186 309 1278 ἓνεργέίας
329 1177 576 1270 ἐῑ’προαιρὲσεως
602 1181 635 1243 in
660 1171 899 1254 Aristotelis
922 1171 1067 1266 doctrina

116 1300 230 1370 morali
243 1297 306 1386 (2),
328 1313 450 1385 pugnat
463 1278 637 1361 Ciceren
647 1295 679 1358 is
690 1291 789 1375 locus,
804 1315 911 1386 quem,
924 1285 1067 1380 quamvis

117 1413 240 1486 infelici
266 1438 430 1495 successu,
455 1412 544 1504 variis
567 1404 667 1485 modis
692 1391 1066 1498 tentaruntinterpretea:

119 1530 198 1618 „Ac
227 1529 306 1597 mihi
338 1524 469 1618 quidem
501 1527 648 1609 videtur,
672 1516 775 1618 quu'm
799 1507 879 1592 ditae
899 1523 1070 1590 sententiae

117 1655 254 1722 fuissent
282 1665 423 1715 veterum
459 1640 744 1745 philosophorum,
768 1670 829 1712 una
854 1667 984 1725 eorum,
1009 1644 1067 1732 qui

119 1782 288 1838 censerent
322 1763 427 1829 omnia
457 1761 498 1825 ita
537 1760 602 1825 fato
636 1757 730 1840 fieri,
764 1774 799 1820 ut
829 1751 862 1821 id
885 1755 985 1836 satum
1006 1755 1068 1831 vim

120 1869 314 1948 necessitatis
352 1860 500 1957 afferret3
538 1874 574 1937 in
597 1897 659 1962 qua
680 1866 1067 1962 senten'tia‘Demo'cri-

121 2017 206 2078 tus,
230 1978 476 2070 Heraclitus,
499 1982 788 2078 Empedocles,
815 1983 1066 2052 Aristoteles

121 2112 201 2197 suit3
227 2111 319 2176 altera
336 2132 463 2189 eorum,
488 2100 605 2193 quibus
627 2099 811 2169 viderentur
833 2103 899 2167 sine
925 2097 988 2167 ullo
1007 2097 1071 2165 fato

122 2252 190 2295 esse
211 2207 387 2292 animorum
411 2237 514 2286 motus
540 2212 732 2285 voluntarii'’
753 2217 766 2304 (
787 2220 812 2300 ).
907 2303 910 2307 .

171 2338 406 2422 Turnebus,
432 2338 488 2425 qui
510 2333 667 2420 vulgatam
692 2324 816 2415 tuetur,
848 2333 881 2397 in
902 2357 1068 2398 commen-

126 2461 206 2526 tario
227 2481 282 2523 suo
302 2453 342 2521 ad
362 2453 455 2519 hunc
471 2449 597 2516 locum:
646 2447 706 2530 „In
722 2447 987 2528 Acroamaticis'’‚
1013 2448 1070 2511 in-

26 2595 29 2597 ’
115 2571 220 2668 quit,
245 2595 393 2662 „semper
409 2569 511 2633 fatum
536 2574 701 2658 appugnat
724 2560 990 2644 Aristotelem
1017 2561 1071 2628 sed

129 2698 162 2760 in
187 2688 380 2767 Exotericis,
416 2701 450 2750 ut
486 2685 620 2774 opinor,
659 2682 751 2745 etiam
777 2679 879 2758 fatum
902 2693 1070 2765 posuerat,

129 2809 215 2878 velut
246 2809 279 2872 in
311 2806 394 2871 libro
415 2801 456 2867 de
482 2797 609 2867 Mundo
632 2824 659 2864 c.
678 2795 748 2874 Vll,
775 2822 808 2886 p.
832 2793 934 2879 378’';
950 2812 991 2870 ¹at
1002 2815 1074 2860 vero

129 2927 184 2993 hic
209 2924 289 2990 liber
322 2945 386 2985 non
425 2905 666 2995 Aristoteli,
689 2909 744 2974 sed
767 2910 935 2996 interpreti
955 2914 1071 2973 recen-

174 3215 214 3290 (l)
236 3211 346 3271 Comm.
389 3204 424 3261 ad
466 3199 587 3258 Arist.
631 3183 712 3252 roal.
747 3211 776 3268 p.
814 3190 865 3250 86.
890 3189 942 3248 eff.
971 3189 1006 3246 Ι).
1036 3189 1070 3247 C.

131 3325 230 3399 Pley
243 3333 280 3378 te
296 3361 306 3392 ‚
329 3317 426 3374 Praec.
451 3312 528 3368 Plac.
545 3308 609 3366 Vet.
625 3304 697 3362 Phil.
714 3303 749 3361 de
761 3301 821 3360 Lib.
836 3301 908 3359 Mor.
923 3319 953 3375 p.
971 3299 1009 3358 59
1026 3317 1070 3376 sq.

129 3446 162 3493 et
187 3431 227 3489 45
256 3445 339 3506 aqq.,
374 3424 470 3500 ibique
494 3420 621 3477 laudatus
640 3416 906 3478 Bluemnerus,
929 3411 998 3469 'tiber
1026 3409 1070 3468 die

132 3545 199 3603 ldee
238 3540 289 3598 des
324 3529 465 3594 Schisais
496 3527 599 3586 indm
623 3525 796 3600 Tiagoediea
821 3525 871 3582 des
895 3495 1071 3598 Aeschylas,

133 3677 164 3735 p.
191 3652 262 3712 169.
306 3649 347 3724 (1)
369 3646 442 3722 disp.
462 3663 492 3701 a.
521 3659 553 3717 p.
583 3637 642 3696 171
667 3649 695 3693 et
712 3633 781 3692 177.
828 3633 910 3708 (5)a.
931 3633 978 3698 lt,
1004 3631 1069 3690 eall.

131 3761 303 3826 Davisio
332 3756 366 3816 ad
392 3757 420 3814 h.
445 3755 477 3828 1.,
508 3750 554 3829 qai
583 3749 649 3806 citat
673 3755 815 3803 auctorem
840 3741 912 3799 vitae
941 3741 1074 3800 Home-

131 3877 266 3934 τίων.
280 3869 311 3926 in
328 3866 445 3944 Opust.
462 3859 613 3921 Galean.
630 3873 658 3934 p.
675 3852 757 3912 536:
784 3849 898 3928 Ἠγεῖται
911 3849 1076 3929 Ἀριςοτέλης

133 3991 168 4044 ai
201 3988 291 4039 πάντα
327 3974 381 4034 καθ’
411 3975 565 4049 εἱμαρμένην
586 3963 799 4042 παραγίνεσθαι,
826 3955 900 4010 -ἀλλά
922 3977 947 4010 τι
968 3953 1012 4009 καὶ
1034 3953 1076 4009 ἐπὶ
1154 4028 1156 4032 .

135 4101 191 4156 τοῖς
217 4092 361 4166 mitium
382 4080 467 4146 εἶναι,
490 4076 523 4132 ὧν
543 4078 671 4150 ὑπάρχειν
691 4071 736 4146 μὲν
760 4067 789 4124 τὸ
810 4065 937 4122 ἑκούσιον.
1014 4091 1015 4094 =
1042 4067 1046 4073 '
