2817 5009
552 408 593 473 ²19

18 632 19 639 t
113 590 183 659 dere
204 588 330 658 solebat.
349 614 361 649 .·
377 588 497 679 [ncipit
518 614 534 653 a
556 586 757 678 definitione,
781 619 881 686 quarn
903 603 1049 675 invenire

110 705 215 773 studet
244 705 391 785 Plato,
422 700 576 769 ducatio
601 728 680 796 quas
703 725 807 798 partes
830 711 1044 791 dividendum

109 820 439 910 distribuendumque·
467 816 505 891 sit
538 832 794 909 argumentum
851 832 1043 918 singularum

109 937 283 1023 dialecticae
313 937 451 1028 partium
483 960 654 1027 earumque
681 942 883 1029 expositionis
916 969 1045 1035 auctor,

108 1077 213 1121 veram
229 1096 230 1101 κ
248 1051 438 1147 dialecticam
472 1052 605 1119 excoluit
638 1072 669 1120 et
712 1072 867 1127 oratorem
911 1066 1046 1152 singulos

105 1172 255 1240 orationis
284 1186 384 1259 partes
408 1192 466 1235 suo
483 1166 553 1237 loco
580 1170 783 1259 exponendas
806 1191 839 1242 et
869 1204 1042 1266 argumen-

104 1290 231 1357 tationis
260 1302 419 1355 accuratae
452 1302 549 1375 atque
580 1284 693 1353 ordine
715 1287 902 1360 definiendo
928 1292 1041 1363 distri-

104 1402 298 1493 buendoque
318 1399 518 1493 procedentis
541 1393 685 1469 nornnrm
709 1400 838 1475 docuite
884 1458 908 1492 „
919 1412 1044 1497 Eoum

104 1494 291 1599 omnium?
314 1533 351 1583 ut
377 1516 420 1581 ait
445 1514 715 1583 Aristoteles
740 1516 808 1609 (i),
838 1549 958 1615 „quae
982 1529 1038 1593 in.

104 1620 290 1709 veniuntur,
316 1628 472 1721 quaedam
486 1616 536 1695 'ab
559 1616 632 1695 aliis
645 1649 795 1723 accepta,
819 1639 907 1725 prius
925 1640 1035 1707 elabo-

103 1748 169 1817 rata
202 1762 299 1828 sunt,
328 1760 434 1834 postea
453 1767 511 1834 per
536 1740 641 1834 partes
675 1744 805 1811 adaucta
840 1751 881 1814 ab
903 1752 960 1834 iis,
984 1733 1044 1843 qui

101 1889 154 1933 eos
176 1866 392 1949 exceperunt:
417 1856 472 1923 alia
493 1880 568 1923 vero
591 1859 631 1923 ab
653 1858 745 1925 initio
758 1860 884 1930 inventa
895 1866 1043 1952 exiguum

102 1983 210 2071 primo
227 1980 460 2044 incrementum
481 1973 640 2064 suscipere
659 1996 913 2064 consueverunt,
934 1958 1042 2074 postea

18 2090 19 2093 ¹
101 2121 178 2167 vero
197 2088 386 2182 amplificata
405 2090 555 2175 majorem
575 2084 743 2155 utilitatcm'
761 2107 851 2159 nacta
871 2110 946 2162 sunt
957 2128 970 2183 3
995 2108 1041 2151 —'-

99 2214 201 2300 hujus
219 2270 222 2275 .
240 2223 344 2272 autem
388 2201 590 2291 (dialecticae)
624 2184 817 2273 tractationis
852 2232 919 2277 non
952 2210 1040 2282 aliud

101 2344 191 2410 erat,
210 2320 311 2389 aliod
331 2345 396 2387 non
429 2320 500 2387 satis
519 2318 696 2406 exordtum,
731 2321 787 2388 scd
807 2324 886 2392 nihil
910 2354 1040 2416 prorsus

103 2441 279 2511 exstabat?
302 2438 369 2527 Qui
381 2438 465 2503 euim
479 2458 554 2503 eum
563 2455 817 2529 praecesserant,
834 2456 876 2507 'ut
896 2444 1035 2536 Sophis-

103 2580 173 2643 ωε,
204 2538 238 2622 ei
270 2550 402 2643 quidem
436 2574 517 2643 quae
549 2549 748 2619 adidectica
765 2554 948 2623 efficiuntur
968 2576 1038 2627 tre·

95 2672 275 2751 diducant,
318 2670 417 2756 ipsam
449 2688 523 2735 vero
562 2665 819 2746 demonstrandi,
857 2674 1038 2761 probandi,

101 2782 266 2886 refutandi
297 2783 449 2849 rationem
465 2805 606 2867 -prorsus
637 2783 836 2884 neglexerant
864 2787 912 2856 vei
933 2795 1039 2882 potius

100 2912 309 2993 ignoraranta
368 2896 428 2961 suit
457 2896 551 2981 igitur
580 2898 855 2966 Aristoteles
889 2910 1038 2991 primus,

103 3022 162 3113 qui
183 3015 377 3083 dialecticam
396 3009 559 3079 doctrinae
578 3010 675 3076 instar
698 3011 798 3079 coiere
809 3015 964 3105 inciperet
972 3021 1036 3111 (2);

101 3140 181 3205 hinc
204 3152 334 3224 quoque
356 3130 390 3195 in
413 3126 583 3194 dialecticis
603 3127 752 3220 scriptis,
776 3153 857 3219 quac
878 3141 1039 3208 communi

94 3258 231 3329 'nomine
259 3255 396 3345 ὀργάνου,
439 3252 559 3342 ὀργάνου
606 3252 736 3343 ὀργάνων
774 3254 824 3319 καὶ
863 3259 960 3351 χειρὸς
989 3273 1040 3341 τῆς

103 3383 267 3475 φιλοσοφίας
303 3377 620 3473 comprehenduntur
657 3380 734 3471 (3),
778 3406 966 3474 nusquam,
1014 3394 1040 3457 si

102 3502 283 3519 ‘unna—n·-

145 3555 185 3631 (o
208 3552 295 3629 Sapo.
319 3548 436 3609 araneo.
460 3566 486 3606 c.
517 3547 568 3623 aa,
593 3568 622 3625 p.
652 3548 722 3627 aaa,
738 3551 768 3611 n.
798 3528 1031 3629 ulcerent.

102 3669 152 3745 111,
164 3685 195 3746 p.
220 3666 282 3731 ru
317 3664 356 3740 (a)
378 3658 508 3727 Buhle,
528 3640 634 3719 'cetea
659 3638 710 3719 aar
735 3662 809 3721 roal.
835 3664 885 3741 tlt,
912 3686 941 3745 p.
958 3668 1032 3749 aas.

98 3779 141 3855 ‹a›
163 3776 273 3855 uytr.
306 3770 337 3833 o
354 3754 386 3829 '1.
412 3789 443 3849 p.
471 3770 521 3836 ao,
543 3769 603 3828 ra.
633 3767 668 3827 e.
692 3787 760 3830 van
777 3772 929 3853 nausea,
946 3776 1033 3835 cur.

98 3906 131 3965 p.
158 3884 215 3945 155
243 3895 272 3944 et
291 3882 330 3943 ibi
354 3880 431 3941 laud.
461 3879 579 3938 Barth.
606 3879 650 3938 de
679 3878 913 3960 sortitura,
944 3887 979 3945 de
1005 3887 1032 3943 la

18 4054 19 4057 ,
99 3976 225 4071 Ιιοςίᾳὶιε
249 3992 276 4051 d’
305 3990 485 4065 Aristote,
509 3988 573 4048 Vol.
606 3988 629 4065 Ι,
656 4008 686 4068 p.
722 3992 769 4050 15.

906 4106 927 4167 4
