2817 5009
827 454 848 523 t

373 634 532 709 toteles
574 638 640 707 uota
685 643 878 711 laatdaedtta
904 644 975 733 (l),
1011 646 1192 735 praeclare
1230 672 1312 737 ergo

373 757 636 824 Aristoteles
661 758 722 849 (2).
767 759 959 826 IUudvero
980 766 1023 828 ab
1054 763 1312 829 Aristotele

372 872 661 957 animadversum,
683 901 708 941 u
728 898 792 963 quo
810 878 998 965 pleraque,
1019 882 1094 965 qais
1111 888 1222 966 potest
1243 900 1312 942 non

372 995 495 1056 mirari
516 990 594 1075 (3)?
1014 1051 1022 1063 .

415 1106 537 1195 Quodsi
572 1107 627 1173 has
651 1106 781 1189 landes,
816 1111 936 1197 quibus
970 1109 1043 1175 aliae
1075 1111 1128 1175 vix
1151 1113 1309 1202 aequipa-

370 1218 592 1300 randae,eum
607 1204 882 1284 ¹Aristotelis
904 1219 1047 1308 scriptis,
1066 1234 1309 1308 utsupersnnt‚

371 1334 607 1421 comparemus,
632 1335 750 1399 mirum
771 1331 852 1421 qnid
877 1334 1029 1398 continuo
1053 1335 1145 1400 nobis
1164 1334 1307 1421 accidit,

368 1468 400 1515 et
423 1451 676 1517 Ciceronem
698 1448 776 1514 adeo
792 1450 903 1535 nugari
921 1465 1087 1539 putamusz
1113 1448 1309 1518 admiramur

370 1563 501 1655 quidem
524 1566 612 1630 iniis
636 1566 754 1651 ingenii
776 1588 933 1647 acumen,
968 1567 1002 1629 in
1039 1567 1133 1631 rebus
1158 1569 1305 1658 partien-

368 1681 438 1765 dis,
458 1680 653 1759 'definiendis
678 1698 711 1747 et
732 1678 911 1768 dijucandis
936 1681 1166 1766 subtilitatem
1203 1707 1305 1750 orna-

365 1816 471 1867 menta
507 1822 581 1864 reru
611 1790 770 1881 dicendi,
795 1800 942 1866 orationis
972 1800 1154 1864 suavitatem
1176 1824 1307 1890 prorsus

366 1914 601 1995 desideramus,
626 1932 659 1981 et
681 1940 792 2007 saepe,
806 1940 881 1981 cum
903 1916 1103 1980 Trebatio
1122 1915 1308 2003 interpretis

366 2032 482 2097 munus
502 2034 719 2119 requirentes,
754 2032 794 2095 ab
815 2033 884 2116 ojus
905 2029 1060 2096 librorum
1083 2028 1216 2099 lectione
1238 2032 1307 2096 ob·

367 2147 514 2213 ecaritate
536 2146 719 2231 rejicimur3
757 2144 812 2210 sed
846 2144 1073 2231 sidiligentins
1104 2162 1166 2211 tam
1197 2146 1304 2212 Ari-

366 2258 544 2326 stotelis
568 2284 666 2348 quam
685 2262 923 2327 Ciceronis
943 2263 1136 2350 scriptorum
1150 2266 1305 2331 rationem

364 2373 650 2469 perpenderimus,
674 2375 765 2442 hunc
789 2378 955 2443 maximam
979 2397 1102 2467 partem
1125 2380 1204 2445 itlius
1226 2380 1299 2446 dia-

362 2492 445 2578 logos
468 2492 543 2577 (4),
569 2488 611 2555 de
647 2492 764 2580 quibus
800 2493 914 2579 injuria
946 2510 1125 2584 temporum
1155 2494 1303 2583 judicare

362 2633 428 2675 nou
462 2609 555 2690 lieet,
585 2608 762 2697 ‘respexisse
783 2609 999 2695 'intelligemus
1034 2612 1106 2701 (5),
1146 2630 1179 2677 ea·
1214 2615 1301 2679 enim

359 2834 599 2851 -—

403 2947 645 3023 (attendit,
669 2952 715 3008 16.
757 2951 968 3026 (etitem.
1001 2956 1206 3032 (dnh-Mi).
1252 2959 1299 3019 Cs.

254 3099 258 3106 .
358 3056 447 3114 Acad.
472 3058 505 3123 ΙΙ,
529 3058 580 3133 dd,
607 3059 642 3118 de
672 3060 733 3118 Fin.
759 3061 794 3134 ΙΙ,
822 3062 852 3134 6,
877 3062 913 3120 de
933 3062 1019 3140 lagg.
1041 3065 1089 3131 ΙΙΙ,
1104 3067 1139 3132 Ι6,
1182 3070 1296 3131 adata.

357 3168 405 3242 tv,
423 3168 476 3243 Ep.
499 3168 546 3225 te.
579 3171 618 3244 (4)
630 3170 675 3227 Cf.
691 3170 800 3246 Wytt.
822 3170 921 3228 Praeo.
944 3172 1019 3231 l'hit.
1032 3174 1099 3253 Lug.
1114 3196 1144 3253 p.
1161 3177 1210 3235 99.
1256 3183 1298 3257 (5)

356 3278 397 3333 Er
423 3276 639 3361 recentioribus,
683 3280 729 3355 qui
762 3280 790 3337 in
821 3281 1032 3344 Aristotele
1067 3288 1204 3349 laudando
1230 3293 1298 3351 satis

356 3383 432 3459 parri
458 3384 602 3460 ridentur,
637 3386 696 3465 ejus
727 3389 917 3466 scriptorum,
944 3412 1015 3471 quae
1043 3411 1208 3474 supersunt,
1232 3400 1301 3459 lau-

356 3484 407 3551 des
422 3482 515 3552 nulius
526 3494 623 3555 trelius
637 3496 773 3575 percipit,
804 3518 886 3577 quatu
903 3502 956 3561 Fr.
975 3502 1042 3563 Seli
1053 3505 1174 3583 leget,
1190 3509 1296 3569 Gaseh.

356 3578 407 3661 der
425 3603 499 3663 alten
517 3604 571 3683 und
586 3624 690 3665 neuern
704 3607 792 3666 Litcr.
818 3609 851 3669 T.
871 3611 894 3686 l,
922 3632 954 3689 p.
982 3612 1032 3688 78,
1059 3613 1090 3673 Τ.
1110 3615 1146 3693 11,
1174 3637 1205 3694 p.
1217 3618 1293 3679 eto:

357 3712 442 3787 „als
461 3712 659 3775 Schriststeller
684 3718 732 3778 hat
754 3719 984 3783 Aristoteles
1002 3724 1056 3784 deu
1076 3724 1230 3787 Charakter
1243 3728 1298 3789 der

358 3821 494 3899 tileganz,
519 3825 568 3888 der
597 3826 624 3883 in
649 3827 756 3889 seinem
775 3830 905 3890 Zeitalter
925 3852 959 3892 au
986 3834 1138 3898 henschen
1168 3838 1295 3916 aufingss'

357 3933 414 4007 „ln
444 3933 494 3992 der
518 3946 645 4013 strengen
669 3938 917 4015 Angemessenheit
944 3944 991 4011 bei
1015 3946 1066 4005 der
1090 3948 1296 4009 volikommnan

355 4023 480 4105 lilarheit
501 4048 550 4107 der
578 4049 859 4111 wissenschafdiehen
887 4053 1047 4117 Sehreibart
1084 4060 1131 4118 hat
1154 4060 1299 4122 Aristo·
