2817 5009
551 437 611 507 [07

116 620 257 708 snut,
281 643 342 689 noc
363 642 416 689 sos
440 616 639 687 turbulentos
662 640 727 687 esse
743 618 915 711 patiantur.
963 624 1057 691 Peri-

114 738 251 828 patetici
271 751 379 804 autem
400 731 444 802 ad
465 732 634 826 placandos
657 735 778 813 mimos
798 734 896 805 mults
905 736 1053 809 attacus:

111 852 226 941 spinas
257 848 419 940 partiendi
452 864 485 917 et
516 846 694 923 deliniendi
722 852 992 941 praetermittunt
1013 888 1058 906 -·

102 966 320 1057 „Quaerebam
353 966 468 1053 igitur,
503 980 614 1033 utrum
645 962 821 1058 penderem
846 964 911 1032 uela
939 969 1057 1034 oratio-

109 1080 166 1147 nis
199 1081 325 1162 statim,
356 1104 397 1146 sn
431 1102 501 1148 cam
538 1095 611 1147 ante
629 1078 806 1173 paullulum
825 1074 1058 1155 dialecticorum

105 1193 213 1261 remis
234 1192 452 1285 propellerem.
498 1193 541 1263 A.
565 1196 630 1263 lsto
649 1194 747 1264 modo
764 1218 851 1265 tero.
880 1197 952 1266 Erit
971 1200 1058 1267 enim

104 1308 181 1379 hoc
209 1322 337 1394 totum,
368 1306 459 1400 quod
478 1332 618 1399 quiem,
650 1332 692 1377 ex
712 1326 851 1401 unoque
874 1311 1056 1404 perfectius.

108 1425 165 1505 M„
194 1424 252 1493 Est
283 1424 318 1493 id
342 1424 475 1518 quidem
495 1427 637 1512 rectius3
671 1422 729 1493 sed
753 1442 826 1515 put
845 1428 1056 1519 requires,ri

109 1534 198 1629 quid
226 1539 322 1611 suast
352 1526 540 1615 stimma
568 1541 629 1631 (1).
675 1543 848 1633 rosqum
870 1544 967 1631 igism
986 1544 1053 1611 ot-

108 1678 208 1723 cero
236 1655 388 1725 Stoice
418 1655 460 1724 de
493 1658 786 1747 perturbationibus
818 1656 1052 1749 disputaterste

107 1771 251 1854 „Habet
277 1773 358 1853 es‚”
392 1772 525 1860 inquit,
559 1818 580 1854 „
591 1792 672 1859 quse
696 1769 739 1835 de
761 1772 1054 1859 perturbationibus

104 1885 274 1957 enucleato
301 1884 468 1974 disputant
489 1885 609 1952 Stoici:
646 1907 729 1975 quse
750 1882 851 1971 logica
871 1884 1052 1978 appellent,

107 2001 187 2093 qnia
227 1998 430 2069 dimuntur
461 1998 619 2067 subtilius.
675 1998 725 2065 Ex
755 1998 872 2089 quihus
903 2002 1053 2090 moniam

105 2134 265 2211 mqmm
297 2141 316 2184 e
346 2114 537 2205 scrupulosis
568 2114 693 2182 cotibus
723 2116 898 2201 enavigavit
929 2116 1050 2200 oratio,

106 2231 250 2322 relqme
269 2230 493 2323 disputationis
517 2252 645 2299 cursum
663 2238 848 2297 tenesmuss
879 2227 976 2299 niodo
997 2254 1049 2299 ss·

107 2350 152 2415 tis
183 2346 236 2415 illo
263 2344 402 2415 dilucide
435 2344 607 2413 dixerimus
636 2369 698 2436 pro
719 2368 827 2413 rerum
850 2344 1050 2417 obscuritate.

109 2465 152 2535 Α.
176 2465 309 2533 Prorsus
329 2462 423 2531 satist
447 2459 503 2529 sed
521 2463 547 2529 si
566 2484 633 2551 qua
653 2457 834 2548 diligentium
864 2477 961 2531 erunt
989 2486 1049 2533 eo·

107 2577 311 2669 promenda,
333 2602 516 2671 queremus
537 2576 629 2645 alias
652 2602 744 2647 nunc
757 2574 840 2659 tels,
862 2575 1050 2667 quaemodo

109 2693 259 2777 dicebas,
281 2709 498 2785 exspectamus
520 2705 553 2758 et
573 2691 725 2756 cursum”
750 2688 810 2778 (2).
1113 2726 1115 2731 ·

152 2809 283 2877 Miscuit
306 2806 446 2897 denique
471 2830 546 2873 oum
570 2805 620 2871 his
644 2803 854 2873 Arcesilae
882 2821 915 2874 et
948 2807 1046 2875 Car·-

108 2922 247 2992 neadis
279 2924 453 3001 rationem
489 2916 578 3005 quod
601 2918 840 2999 utosteudam‚
864 2920 990 2985 Hirtii
1011 2920 1051 2985 in

106 3041 191 3108 libro
224 3037 265 3104 de
295 3038 373 3105 Fato
396 3033 445 3121 (3)
480 3031 667 3097 sententiam
700 3028 817 3095 addere
839 3028 920 3095 milri
935 3029 1044 3096 liceat:

109 3205 133 3240 „
143 3157 237 3223 Hanc
260 3150 523 3221 Academicorum
536 3161 644 3215 contra
656 3142 854 3235 propositum
864 3140 1050 3232 disputandi

108 3266 369 3339 consuetudinem
411 3261 555 3331 indicant
592 3278 623 3328 te
652 3260 821 3353 suscepisse
849 3254 1052 3326 Tusculanas

106 3384 365 3479 disputationes.”
842 3378 845 3385 ’
906 3380 908 3387 ’

150 3502 210 3569 llis
226 3500 322 3587 igitur
341 3495 507 3588 erpcsitis,
530 3493 607 3560 hoec
630 3491 672 3559 de
692 3488 936 3561 Aristotelio
957 3512 1045 3559 more

107 3617 282 3704 gravissimu
311 3610 487 3702 disquisitio
513 3632 553 3677 eo
585 3631 638 3675 me
671 3607 795 3676 duxisse
829 3604 973 3690 videtur,
1006 3622 1044 3674 ut

108 3731 322 3815 concludam,
364 3729 623 3810 Ciceronem,
653 3738 690 3789 ut
721 3725 755 3788 in
787 3720 1043 3815 philosophando

152 4015 326 4093 (ttius,
353 4014 382 4073 5.
429 4012 467 4089 (a)
491 4013 531 4072 is.
561 4031 589 4071 a.
616 4012 663 4071 ii.
708 4010 797 4088 (stc.
827 4011 858 4071 e.
962 4034 965 4041 ι
