2817 5009
549 460 611 529 109

92 646 131 713 di
164 649 323 739 acciperet
354 658 524 733 praecepta
556 658 588 709 et
617 641 811 733 eloquendi’'
833 644 903 733 (l),
925 648 1038 715 etalio

93 758 168 827 loco
189 761 260 847 (2)=
285 756 585 843 ‚mr-istorum,
611 781 717 848 quum
734 776 836 829 motus
854 778 931 829 essct
950 764 1035 833 Iao-

96 877 240 941 cratis
270 873 404 941 rhetoris
440 871 556 959 gloria,
590 871 697 940 dicere
715 875 809 941 enam
831 878 935 967 coepit
955 877 1037 945 ado-

95 991 252 1059 lescentes
288 988 424 1070 dooere,
466 1004 498 1055 et
530 986 735 1078 prudentiam
770 1012 845 1057 cum
865 991 1044 1082 eloquentia

90 1112 267 1198 jungere.”
310 1107 409 1197 Quod
431 1110 613 1175 etiamnunc
636 1124 792 1175 testantur
814 1108 889 1175 libri
903 1111 1043 1197 ejuetree

94 1227 144 1292 de
166 1226 336 1312 Rhetorica
358 1242 408 1307 et,
431 1226 456 1290 si
477 1223 573 1293 modo
592 1248 631 1291 ex
653 1224 921 1293 Aristotelis
946 1249 1044 1293 mauu

97 1339 249 1432 prodiit,
271 1338 437 1407 Rhetorica
464 1337 504 1404 ad
530 1338 819 1407 Alexandrum
842 1337 902 1429 (3).

150 1457 309 1545 Quoniam
332 1458 390 1520 tria
412 1452 548 1522 videnda
570 1469 645 1521 snut
665 1456 797 1539 oratori,
819 1456 904 1545 qnid
936 1440 1046 1540 dicct,

104 1597 171 1663 quo
182 1572 325 1661 quidque
337 1573 406 1637 loco
429 1586 460 1637 et
471 1570 629 1659 qrcomodo
643 1569 716 1658 (4),
739 1573 802 1640 sive
813 1620 824 1655 ‚
835 1571 923 1663 quod
935 1571 1048 1640 ecdem

107 1701 212 1783 redit,
247 1705 417 1779 inuenire,
453 1701 582 1787 eloqui,
618 1700 781 1763 collocare
812 1697 885 1783 (5);
935 1696 965 1762 ἓν
979 1698 1047 1785 μὲν,

107 1846 147 1894 ut
170 1829 213 1891 ait
236 1823 496 1893 Aristoteles
515 1821 588 1909 (6),
611 1818 643 1882 ἐκ
677 1820 762 1882 τίνων
787 1821 817 1883 αἱ
845 1821 940 1895 πίςεις
965 1824 1050 1885 ἔσον-

110 1977 187 2036 ται,
214 1947 345 2039 δεύτερον
371 1944 407 2011 δὲ
432 1944 497 2037 περὶ
523 1947 575 2014 τὴν
601 1939 696 2027 λέξω,
724 1941 818 2031 τρίτον
842 1938 876 2007 δὲ
902 1948 963 2019 πῶς
991 1948 1051 2035 χρὴ

112 2073 200 2152 τάξαι
227 2074 265 2139 τὰ
291 2074 365 2164 μέρη
391 2076 441 2135 τοῦ
465 2069 576 2158 λόγους
603 2067 644 2136 de
679 2072 784 2158 prima
813 2088 905 2163 perte
922 2071 993 2141 loco
1013 2073 1053 2141 de

114 2190 278 2255 dialectica
298 2191 365 2272 jam
384 2187 513 2272 egimus.
642 2268 645 2273 Ι

159 2306 262 2387 „Jam
281 2301 406 2385 illius,’'
426 2302 533 2389 iuquit
555 2302 712 2369 Cicero
736 2300 797 2388 (7),
810 2303 968 2395 „perfecti
979 2329 1053 2372 ora-

116 2420 193 2487 toris
211 2435 243 2483 et
266 2440 405 2503 summac
425 2415 619 2506 eloquentiae
638 2418 972 2511 specieeexprimeude
984 2436 1053 2489 etta

119 2558 215 2626 quem
233 2532 297 2599 hoc
318 2557 383 2598 uno
401 2531 572 2615 excellere,
593 2532 629 2598 id
653 2551 701 2600 est
719 2536 881 2618 oratione,
905 2553 1005 2603 cetera
1022 2539 1059 2603 in

119 2674 158 2717 eo
179 2649 297 2733 latere,
320 2646 441 2715 indicat
464 2672 581 2715 nomen
602 2650 719 2739 ipsum.
742 2651 815 2717 Non
836 2651 922 2717 enim
941 2651 1058 2719 inven-

122 2784 195 2850 tor,
230 2783 285 2878 aut
320 2766 532 2859 compositor,
565 2782 749 2851 intentor,
781 2767 858 2835 haec
881 2770 1062 2863 complexus

122 2910 170 2958 est
202 2895 326 2975 omnia,
361 2893 417 2959 sed
454 2909 487 2959 et
514 2895 636 2961 Graece
666 2897 708 2961 ab
731 2894 910 2987 eloquendo
938 2894 1061 2986 ῥήτωρ,

124 3026 156 3075 et
187 3010 299 3075 Latine
332 3010 488 3096 eloquens
519 3006 624 3073 dictus
647 3023 704 3073 est.
760 3010 945 3075 Ceterarum
979 3012 1065 3078 enim

126 3150 260 3205 rerum,
284 3148 365 3214 qnae
388 3124 517 3189 suntin
540 3138 683 3204 oratore,
707 3137 831 3213 partem
850 3121 988 3212 aliquam
1005 3124 1065 3191 eibi

129 3242 267 3332 quisquc
296 3237 455 3306 vindicat:
491 3237 621 3307 dicendi
644 3255 769 3321 antem,
791 3236 892 3307 idest
913 3238 1067 3331 eloquen-

127 3354 183 3442 di,
206 3356 341 3421 maxima
362 3356 406 3421 vis
423 3354 480 3421 soli
498 3355 573 3422 huie
591 3352 811 3423 oonmdinnss’

118 3607 124 3617 .
172 3560 213 3635 (1)
236 3559 271 3617 de
295 3556 375 3616 Orat.
404 3555 451 3621 ΙΙΙ,
477 3554 527 3612 55.
555 3552 600 3612 Ci.
625 3554 749 3623 Stahr,
773 3575 803 3633 p.
831 3557 900 3633 116,
929 3556 1069 3637 eetaqq.

132 3683 162 3729 et
187 3668 223 3727 Α.
253 3668 283 3726 b.
314 3668 344 3725 d.
373 3665 410 3724 R.
436 3683 466 3742 p.
491 3663 544 3721 45.
588 3662 629 3740 (2)
651 3662 733 3721 Tunc.
758 3663 781 3739 Ι,
807 3664 839 3721 Ι.
859 3662 914 3725 Cff.
936 3666 971 3727 de
992 3666 1070 3727 Orat.

133 3780 157 3855 t,
186 3780 235 3854 10,
265 3776 314 3851 te,
342 3776 391 3850 tt,
415 3772 495 3833 Orat.
524 3792 551 3833 c.
585 3772 633 3847 14,
662 3772 699 3831 19
717 3783 745 3830 et
775 3772 812 3831 51
835 3786 863 3831 et
895 3773 930 3833 de
952 3772 1017 3835 00.
1047 3776 1071 3851 Ι,

139 3888 168 3945 1.
213 3886 254 3962 (5)
273 3885 335 3945 Hoc
356 3900 427 3960 opus
446 3880 545 3940 merito
570 3879 945 3959 Aristoteliabjudicare
968 3882 1076 3943 videtur

138 3995 261 4062 Stahr,
292 3995 328 4071 ΙΙ,
352 4013 383 4072 p.
413 3991 485 4050 22¹1.
516 3992 571 4068 (1)
597 3990 677 4051 Orat.
706 4006 733 4049 c.
754 3988 818 4050 ΙΙ.ι
848 3990 887 4067 (5)
903 3990 981 4051 Orat.
999 3990 1082 4048 Part..

141 4123 169 4164 c.
194 4104 224 4171 2,
255 4106 285 4164 5.
328 4103 367 4180 (6)
390 4102 474 4161 libet.
496 4101 544 4177 ΙΙΙ,
577 4103 592 4159 1
622 4101 681 4160 init.
728 4101 767 4177 (7)
791 4098 868 4159 Oret.
891 4118 918 4159 c.
951 4099 1000 4155 10.
