2817 5009
807 422 850 487 tt

355 627 439 694 tem,
463 630 544 697 qnae
567 606 701 674 fortassis
724 602 984 696 Tyrannion
1005 601 1046 671 dc
1075 604 1174 693 ipsius
1193 607 1290 676 Ari-

353 723 513 792 stotelis
535 721 755 811 manuscriptis
773 722 809 787 in
831 718 892 787 hro
914 718 1107 788 bibliotheca
1119 721 1289 792 reconditis

355 866 427 909 vere
456 844 485 909 ei
520 838 718 923 tradidisset,
740 837 781 905 ad
806 852 904 906 totam
927 841 995 925 ejus
1023 837 1198 923 librorum,
1227 858 1292 909 tam
1392 897 1393 902 ,

353 958 528 1041 rationem,
548 980 646 1049 quam
665 954 894 1041 cognitionem,
922 952 1071 1021 retulisse.
1126 954 1291 1023 Credibile

355 1073 441 1139 cuim
463 1074 517 1139 vix
547 1072 648 1155 forat,
670 1072 941 1146 Ciceronem,
967 1072 1025 1160 qui
1043 1094 1091 1135 res
1115 1069 1196 1139 adeo
1222 1072 1289 1136 mi-

360 1186 440 1251 nimi
463 1188 615 1254 momenti
634 1186 754 1272 attigit,
780 1201 865 1252 tanta
888 1186 937 1250 sui
957 1185 1115 1252 familiaris
1142 1184 1186 1251 de
1202 1186 1252 1253 Ar
1260 1188 1294 1252 i·
1392 1219 1393 1246 r

358 1298 518 1367 stotelis
540 1302 665 1392 scriptis
677 1302 800 1386 merita,
816 1302 1054 1393 opportunitate
1073 1302 1163 1368 toties
1176 1300 1293 1385 oblata,

357 1413 668 1505 praetermissurum,
712 1431 745 1481 ct
785 1412 1009 1507 philosophos,
1043 1413 1132 1503 quod
1177 1416 1293 1482 summi

359 1529 458 1618 hujus
500 1532 559 1598 viri
606 1531 722 1622 scripta
761 1532 959 1617 ignorarent,
1015 1547 1080 1599 tam
1118 1531 1293 1599 vehemen-

360 1664 408 1715 ter
435 1646 701 1738 reprehensurum
724 1647 818 1713 fuisse
843 1644 917 1735 (l);
942 1663 1101 1739 praeterea
1122 1672 1184 1715 nec
1211 1650 1292 1716 An-

361 1763 547 1837 dronico
576 1762 626 1854 (2)
660 1786 782 1829 summa
812 1765 919 1832 critica
952 1786 1032 1855 opus
1054 1763 1183 1848 fuisset,
1206 1767 1232 1831 si
1259 1788 1296 1831 ex

361 1881 439 1947 veris
473 1882 541 1967 ejus
565 1880 787 1968 manuscriptis
808 1878 934 1945 haurire
955 1880 1118 1970 potuisset.

405 1997 629 2064 Strabonis
648 1995 819 2062 narrationi
837 1996 970 2060 maxime
988 1993 1195 2062 adversantur
1221 1998 1290 2064 At·

365 2111 544 2177 talorum
571 2123 603 2173 et
627 2106 969 2173 Ptolemaeorum
1001 2106 1103 2174 studia
1126 2109 1292 2177 Aristo·

364 2224 463 2292 telis
489 2223 586 2289 libros
608 2219 819 2311 conquirendi
842 2219 907 2310 (3),
930 2220 1106 2313 eademque
1117 2226 1294 2315 oppositam

364 2340 570 2422 senteutiam,
614 2339 683 2424 jam
712 2338 864 2405 continuo
903 2335 995 2428 plura
1038 2339 1296 2406 Aristotelis

365 2436 559 2546 scriptorum¹
584 2449 772 2541 exemplaria
802 2449 956 2536 adfuisse,
993 2452 1210 2538 confirmant,
1243 2474 1295 2540 et,

366 2571 502 2661 quaein
525 2565 743 2641 Athenaei
762 2564 811 2656 (4)
832 2566 901 2635 loco
913 2585 1109 2639 connoversa
1132 2569 1295 2655 videntur,

409 2828 449 2901 (1)
471 2825 542 2904 Top.
580 2842 607 2885 c.
645 2826 671 2892 1,
696 2826 776 2903 „qui
809 2825 845 2885 ab
873 2824 942 2903 ipsis
972 2824 1168 2904 philosophis,
1194 2838 1300 2906 praeter

367 2934 516 2996 admodum
555 2952 680 3013 paucos,
720 2933 925 3013 ignoraretur.”
969 2934 1008 3012 (1)
1034 2933 1088 2993 Cff.
1117 2935 1301 2995 Boethius

368 3046 403 3107 ad
429 3046 543 3107 Arist.
575 3046 624 3107 lib.
662 3047 698 3106 de
726 3045 841 3123 interpr.
883 3044 938 3103 Ed.
950 3044 996 3121 d,
1028 3049 1156 3121 probem.
1185 3063 1217 3123 p.
1242 3045 1299 3105 292

367 3167 396 3216 et
423 3155 460 3215 de
487 3154 579 3223 Divis,
598 3154 659 3214 init.
683 3172 716 3233 p.
738 3152 810 3224 658,
854 3151 984 3229 Stabr,
1014 3154 1048 3229 ll,
1078 3172 1108 3232 p.
1135 3154 1204 3221 152,
1234 3155 1297 3221 153,

368 3250 551 3337 lluehner,
594 3260 632 3321 0.
666 3262 687 3321 l.
710 3281 741 3339 p.
771 3261 820 3335 lb,
848 3262 898 3329 11,
935 3262 1122 3338 Bruoher,
1148 3262 1186 3322 0.
1215 3263 1237 3322 l.
1262 3264 1296 3340 ll,

368 3389 399 3449 p.
425 3370 476 3445 19,
506 3367 690 3444 Brundis,
713 3366 750 3427 0.
779 3368 801 3427 l.
828 3369 851 3444 l,
878 3370 926 3447 lll,
955 3390 984 3450 p.
1012 3372 1072 3431 stt
1102 3384 1131 3432 ct
1157 3372 1296 3452 trister,

369 3479 415 3547 111,
436 3497 467 3557 p.
492 3477 543 3537 55.
588 3476 628 3556 (b)
650 3476 776 3546 Stahr,
799 3479 835 3556 ll,
861 3499 892 3559 p.
920 3481 972 3540 71.
1016 3481 1056 3561 (4)
1086 3479 1123 3541 G.
1151 3481 1179 3541 J.
1213 3484 1300 3545 Vos-

369 3588 466 3657 sius,
492 3588 527 3649 de
559 3587 649 3651 Sectis
671 3588 745 3649 Phil.
765 3606 793 3648 c.
817 3590 866 3666 ts,
897 3608 928 3667 p.
943 3587 996 3665 89,
1021 3589 1094 3649 huno
1119 3589 1301 3654 Athenaei

369 3698 462 3758 locum
485 3694 523 3755 ita
542 3694 668 3771 intelligit
695 3705 727 3753 ut
751 3694 788 3753 ab
814 3693 858 3754 his
886 3694 1066 3755 bibliothecis
1093 3713 1209 3773 operum
1230 3698 1300 3758 Ari-

372 3804 531 3869 stotelis
559 3816 588 3864 et
625 3804 883 3883 Theophrasti
917 3824 1014 3868 eornm
1050 3808 1301 3887 manuscriptam-

373 3918 476 3979 eludat.
514 3915 568 3975 Cff.
591 3914 728 3981 Bnhlc,
745 3913 819 3993 Opp.
840 3916 861 3983 l,
886 3916 974 3995 prael.
999 3936 1028 3996 p.
1053 3916 1118 3977 xlx
1140 3916 1169 3977 in
1187 3931 1250 3981 note
1276 3932 1301 3980 ct

374 4027 489 4105 Titne,
521 4024 558 4086 0.
585 4024 606 4083 l.
632 4042 661 4102 p.
687 4024 719 4083 9.
