2817 5009
791 429 853 500 148

370 630 598 722 Παραλιπόντων
640 613 688 690 οὖν
721 631 777 690 τῶν
807 623 950 712 προτέρων
976 621 1162 708 ἀνερεύνητον
1189 621 1222 686 τὸ
1248 618 1321 712 περί

250 750 255 759 .
369 767 418 830 τῆς
453 752 642 841 νομοθεσίας,
684 747 785 821 αὐτοὺς
825 744 1023 831 ἑπισώφοθαι
1054 743 1170 830 μᾶλλον
1197 743 1321 830 βέλτιον

372 881 463 963 ἴσως,
490 873 539 939 καί
566 873 638 946 ὅλοις
662 867 703 941 δὴ
731 867 796 958 περὶ
823 868 992 952 πολιτείας,
1019 869 1095 940 ὅπως
1122 867 1161 942 εἰς
1188 865 1321 958 δύναμιν

371 1003 389 1074 ἡ
416 997 481 1091 περί
507 1000 545 1065 τοὶ
569 995 737 1086 ἀνθρώπινα
762 991 916 1083 φιλοσοφία
938 985 1083 1078 τελειωθῇ.
1110 998 1228 1079 πρῶτον
1263 994 1321 1082 μὲν

370 1114 418 1191 οὖν
443 1123 520 1188 εἴτι
547 1121 623 1186 κατὰ
648 1121 733 1208 μέρος
758 1117 866 1206 εἴρηται
893 1114 988 1188 καλῶς
1015 1109 1070 1178 ὑπὸ
1096 1117 1156 1179 τῶν
1172 1139 1320 1204 προγενε-

370 1249 464 1338 ςίρων
504 1241 683 1334 πειραθῶμεν
708 1237 862 1326 ἐπελθεῖν,
903 1235 964 1303 εἶτα
989 1233 1021 1300 ἔκ
1047 1239 1105 1302 τῶν
1129 1241 1320 1327 συνηγμένων

372 1365 522 1437 πολιτειῶν
561 1366 700 1454 θεωρῆσαι
744 1364 782 1428 τὰ
825 1363 895 1426 ποῖα
936 1361 1023 1436 σώζει
1050 1359 1101 1422 καί
1128 1360 1236 1451 φθείρει
1265 1365 1319 1438 τὰς

373 1494 467 1566 πολεις
509 1490 558 1556 καὶ
598 1491 636 1555 τοὶ
669 1489 740 1553 ποῖα
764 1485 874 1560 ἑκοίςας
899 1490 958 1551 τῶν
986 1481 1155 1571 πολιτειῶν,
1183 1488 1234 1551 καὶ
1262 1486 1319 1553 tat

374 1619 451 1690 πίνοις
491 1613 584 1688 αι’τίας
608 1613 639 1675 αἱ
665 1609 718 1697 μὲν
743 1608 839 1682 καλῶς
868 1610 898 1672 αἱ
925 1605 960 1672 δὲ
985 1607 1147 1674 τούναντίον
1178 1611 1319 1678 πολιτεύ-

372 1753 461 1806 ονται·
490 1734 683 1826 θεωρηθέντων
707 1734 767 1820 γὰρ
792 1731 897 1796 τούτων
922 1723 993 1817 τάχ’
1021 1730 1060 1796 ἂν
1086 1731 1203 1818 μᾶλλον
1231 1738 1318 1802 συρί-

373 1861 474 1949 θοιμεν
499 1858 549 1925 καί
574 1859 643 1924 ποία
668 1855 797 1922 πολιτεία
821 1857 939 1944 ἀμίς-η,
966 1854 1016 1918 καί
1043 1860 1106 1931 πῶς
1120 1855 1218 1932 ἑκάς-η
1235 1883 1319 1947 fax-

375 1986 482 2069 θεῖσα,
521 1980 570 2045 καί
610 1981 667 2045 τίσι
708 1981 802 2066 νόμοις
827 1976 877 2041 καί
903 1977 976 2042 ἔθεσι
1008 1979 1160 2068 χρωμένη.
1201 1980 1321 2058 ,Multo

377 2101 472 2186 magis
493 2097 664 2177 sententia,
685 2119 784 2183 quam
805 2094 978 2183 proposui,
1006 2092 1156 2174 duobus,
1189 2099 1322 2183 exejus

377 2214 465 2279 libris
488 2209 648 2290 Politicis,
669 2207 745 2274 iocis
764 2206 944 2274 confirmari
966 2205 1114 2274 videtur:
1146 2209 1321 2299 „Quidam
1398 2257 1399 2306 ,

288 2419 290 2425 Ι
381 2328 534 2419 optimam
556 2325 601 2389 rei
624 2320 771 2414 publicae
790 2319 1054 2388 administrandae
1076 2323 1215 2392 sormam
1237 2349 1319 2394 oen·
1398 2307 1399 2314 ί

378 2456 448 2506 sent
477 2438 624 2504 omnibus
658 2437 846 2523 permixtam
873 2459 936 2500 ease
957 2438 1318 2527 oportere31neodae-

378 2555 559 2622 moniorum
591 2551 685 2637 igitur
717 2551 970 2616 constitutionem
987 2549 1137 2635 laudant,
1161 2568 1321 2642 tanquam

380 2695 419 2736 ex
448 2668 614 2755 oligarchia
627 2663 849 2750 ,'mooarohia
872 2681 904 2729 et
931 2663 1118 2733 democratia
1150 2671 1318 2760 composi-

380 2802 465 2868 tam3
490 2785 612 2867 regium
636 2782 722 2846 euim
745 2780 913 2866 imperium
924 2779 1159 2862 monarchiam,
1185 2801 1320 2852 senato-

380 2937 453 2978 rum
475 2911 547 2996 (τῶν
568 2909 720 2998 γερόντων)
743 2899 956 2974 auotoritatem
965 2905 1318 2997 oiigarohiamvoeant3

380 3052 476 3120 penes
511 3025 667 3117 populum
700 3047 774 3090 vero
799 3047 856 3114 per
878 3021 1023 3114 Ephorus
1046 3039 1235 3111 potestatem
1256 3051 1323 3092 esse

380 3145 517 3213 dicunt”
540 3142 615 3230 (Ι),
638 3155 671 3205 et
691 3139 789 3205 altem
811 3138 880 3205 loeo
902 3137 975 3224 (2)=
1022 3139 1129 3223 „Qum
1150 3139 1187 3204 in
1208 3144 1321 3207 omni·

381 3267 441 3329 hus
471 3260 647 3328 civitatibus
670 3257 730 3320 tria
752 3256 816 3319 sint
835 3254 950 3320 civium
972 3278 1104 3340 genera,
1126 3255 1177 3320 alii
1201 3255 1322 3324 divitiis

381 3379 475 3444 nimis
497 3370 732 3450 redundantes,
765 3369 856 3435 nimis
878 3385 1063 3462 paupertate
1083 3373 1230 3462 oppressi
1249 3373 1323 3456 alii,

383 3489 510 3558 tertium
534 3510 630 3575 genus
652 3507 772 3569 eorum,
793 3484 850 3576 qui
869 3483 999 3552 modieis
1018 3485 1132 3578 opibus
1143 3485 1323 3572 gaudeant,

381 3632 430 3673 eas
452 3605 606 3680 divitates,
631 3602 793 3692 inquibus
805 3599 945 3668 medium
954 3599 1016 3668 hoo
1030 3625 1126 3688 genus
1144 3601 1324 3691 plurimum

381 3701 488 3804 valeat,
512 3723 646 3814 optimas
672 3736 704 3786 et
725 3746 741 3785 a
766 3741 873 3783 rerum
898 3739 1050 3785 novarum
1071 3714 1177 3784 studio
1186 3719 1325 3784 maxime

379 3875 609 3893 W

423 3959 463 4037 (t)
484 3956 522 4030 lt,
551 3953 582 4012 6.
609 3949 662 4010 eff.
692 3936 741 4023 lV,
766 3965 793 4005 c.
818 3943 1322 4026 5ios.etc.8etBuhle,0.1.

381 4066 430 4144 ιιι,
452 4085 484 4161 ρ,
516 4061 586 4121 ιιι.
630 4057 669 4133 ιι)
695 4054 744 4132 ιν,
774 4055 820 4114 ιι.
849 4051 894 4113 οι.
924 4053 1322 4136 nua10‚n.p.aoasqq.
