2817 5009
551 432 613 499 103

109 629 253 706 quato
285 631 332 682 eat
367 616 515 696 babitus,
547 636 613 681 non
639 614 757 680 remissi
781 612 920 681 suimus:
956 626 1066 679 tamen

106 727 194 797 baec
233 730 336 798 acrior
365 744 413 806 est
477 750 551 795 cum
582 727 693 797 Stoicis
728 742 835 817 parata
879 728 1051 796 contentio.

105 843 208 931 Quae
240 844 326 912 enim
346 841 391 909 dc
410 841 568 936 voluptate
589 842 765 927 dicuntur,
794 864 830 909 ea
853 866 912 909 nec
934 842 1054 909 scutia-

104 958 212 1045 sime,
248 983 309 1027 nec
341 959 524 1029 abscondite
557 960 765 1027 disseruntur.
823 958 935 1045 Neque
970 959 1057 1023 enim

104 1076 174 1161 qui
207 1072 387 1142 defendunt
409 1100 503 1162 eam,
545 1077 661 1145 versuti
689 1076 726 1141 in
759 1068 942 1141 disserendo
962 1084 1056 1155 sunt,

102 1211 176 1255 nec
211 1192 269 1277 qui
300 1206 410 1258 contra
444 1191 573 1276 dicunt,
607 1214 730 1260 causam
753 1188 920 1256 difficilem
942 1184 1054 1275 repel-

101 1301 196 1370 lunt.
208 1336 254 1357 -·
273 1306 383 1397 Quare
403 1306 456 1375 iila
476 1308 567 1377 nobis
588 1306 721 1399 simplex
743 1306 806 1373 fuit
826 1306 862 1371 in
884 1320 1053 1392 utramque

104 1434 238 1506 partem
258 1418 439 1511 disputatio.
474 1425 543 1493 Nec
563 1424 649 1491 enim
669 1426 704 1489 iu
737 1420 958 1513 Torquati
980 1442 1052 1483 scr-

106 1551 207 1601 mone
228 1534 409 1629 quidquam
429 1538 650 1630 implicatum,
686 1555 741 1606 aut
770 1553 946 1607 tortuosum
970 1532 1047 1617 fuit3

105 1664 302 1739 nostraque,
324 1668 362 1717 ut
383 1654 463 1720 mibi
484 1654 634 1738 videtur,
657 1653 796 1722 dilucida
818 1654 925 1720 oratio.
960 1652 1048 1718 Stoi-

106 1784 224 1830 comm
257 1778 361 1831 autem
394 1788 461 1832 non
491 1767 613 1853 ignoras
649 1790 748 1857 quum
784 1768 824 1831 sit
845 1762 978 1844 subtile,
1002 1760 1051 1827 vel

105 1876 277 1966 spinosum
307 1878 437 1969 potius,
458 1878 644 1955 ,disserendi
676 1903 794 1967 genau:
837 1878 935 1969 idque
977 1900 1053 1944 cum

107 1991 260 2079 Graecis,
283 2008 352 2061 tum
373 1996 469 2081 magis
490 1995 603 2079 nobis,
625 1994 744 2085 quibus
764 1993 858 2062 ctiam
879 1992 973 2063 rerba
984 2016 1040 2083 pa-

106 2104 221 2175 rienda
240 2126 335 2193 sunt,
367 2109 627 2203 imponendaque
648 2134 728 2179 nova
751 2110 838 2177 novis
861 2109 965 2174 rebus
985 2130 1048 2171 no-

108 2224 232 2289 mium„

154 2338 249 2427 Quae
282 2353 388 2409 autem
417 2358 576 2430 postremo
606 2341 647 2409 dc
678 2343 759 2409 varia
781 2339 972 2428 singularum
994 2358 1047 2401 se-

110 2469 234 2521 ctarum
257 2452 441 2545 disputandi
461 2459 602 2543 radone,
625 2484 642 2524 a
664 2458 884 2525 Cicerone
906 2476 971 2520 non
984 2474 1049 2517 nc·

108 2567 229 2655 glecta,
250 2572 503 2658 observavimus,
525 2596 559 2641 ea
585 2595 715 2664 quoque
737 2575 771 2638 in
793 2570 890 2638 libros
912 2566 953 2633 dc
975 2568 1045 2633 Nn-

109 2707 182 2760 tura
212 2695 375 2781 Deorum,
419 2699 454 2763 in
486 2702 623 2789 quibus,
656 2721 732 2769 cum
763 2700 859 2789 ipsius
894 2696 1054 2785 πρόσωπον

107 2817 203 2906 κωφὸν
235 2834 312 2884 esset
336 2820 406 2906 (l),
430 2824 468 2889 C.
503 2823 671 2913 Vellejo
692 2818 870 2915 Epicurea,
892 2822 937 2913 Q.
962 2824 1042 2888 Lu-

107 2929 206 3000 cilio
226 2931 352 2998 Balbo
373 2934 499 3016 Stoica,
523 2937 561 3003 C.
584 2938 728 3002 Cottae
763 2936 953 3005 Academica
975 2951 1044 3000 tra-

106 3044 251 3134 diderat,
286 3048 421 3116 maxime
455 3046 625 3140 quadrant.
668 3049 769 3140 Quod
798 3066 834 3116 ut
854 3045 1044 3132 ostendam,

104 3160 288 3248 Balbum,
309 3166 343 3231 in
365 3163 432 3232 fine
455 3163 674 3261 disputationis
695 3191 767 3233 suae
788 3164 836 3255 (2)
861 3164 940 3232 baec
967 3174 1042 3231 mo-

105 3296 256 3365 nentem,
279 3279 430 3348 inducere
453 3282 530 3349 mibi
551 3283 652 3351 liceat.
707 3282 797 3367 „Tu
818 3296 923 3350 autem
943 3281 1037 3347 Got-

147 3506 189 3581 (1)
210 3504 327 3584 Egregie
347 3504 430 3583 igitur
450 3507 552 3568 fallitur
575 3508 780 3589 Kriscbius,
814 3534 896 3581 oum.
939 3515 976 3576 0.
1016 3518 1037 3575 l.

105 3631 189 3691 pagg.
213 3613 261 3680 12,
293 3615 331 3673 ib
358 3627 388 3675 et
419 3615 467 3693 18,
497 3617 589 3678 locum
602 3637 638 3677 ex
650 3620 672 3677 l.
689 3620 763 3697 xm,
781 3622 835 3701 Ep.
855 3624 892 3683 19
906 3624 942 3687 ud
955 3624 1037 3700 Ast,

105 3743 187 3803 quem
207 3726 292 3785 modo
315 3728 411 3805 attuli,
434 3731 545 3791 mutatis
564 3732 710 3811 personis,
734 3735 769 3793 ad
782 3735 870 3795 libros
884 3737 919 3798 de
934 3738 1038 3799 Natura

103 3831 225 3895 Deorum
247 3836 389 3897 transferri
417 3857 499 3916 posse
526 3854 658 3914 censeat;
688 3842 808 3921 neglexit
836 3844 908 3905 enim
928 3866 1042 3926 prorsus

103 3941 291 4006 Ciceronis
319 3964 465 4024 personam
491 3949 559 4010 libb.
590 3952 615 4011 11
635 3954 727 4024 eth
756 3953 791 4014 de
816 3954 938 4017 Finibus.
998 3959 1037 4034 (ᾖ)

103 4053 138 4114 de
162 4053 199 4113 tt.
228 4055 264 4114 Ι).
288 4055 321 4124 ll,
347 4056 399 4117 6¹1.
