2817 5009
572 495 610 560 tl

6 662 7 667 ἵ
129 682 319 751 testimonio:
347 730 370 768 „
386 676 575 771 Ἀριςοτέλην
600 709 630 751 τε
655 684 701 757 τὸν
723 678 927 777 ’φιλόσοφον-
942 684 992 752 καὶ
1005 684 1057 753 τόν

128 806 165 867 τὰ
195 806 292 873 τούτου
307 802 522 895 διατηρήσαντα
539 804 644 893 βιβλία
664 807 779 882 Νηλέα.
831 804 907 900 Παρ’
923 804 957 875 οἶν
971 814 1052 877 πάν-

125 947 176 1012 τα,
204 927 290 1018 φησί,
317 926 506 1015 πριάμενοςὸ
531 923 680 1015 ἡμεδαπὸς
704 925 840 1012 βασιλεὺς
859 930 1053 1017 Πτολεμαῖος,

103 1047 309 1139 ’Φιλάδελφος
328 1045 363 1115 δὲ
386 1047 519 1136 ἐπίκλην,
548 1049 623 1137 μετὰ
655 1054 714 1115 τῶν
741 1041 898 1126 Ἀθήνηθεν
922 1050 971 1117 καὶ
997 1057 1055 1118 τῶν

99 1169 105 1179 ’
122 1173 185 1239 ἀπὸ
199 1166 303 1237 Ῥόδον
320 1172 356 1247 εἰς
370 1174 421 1244 τὴν
433 1172 525 1244 καλὴν
539 1166 766 1263 Ἀλεξάνδρειαν
785 1178 958 1264 μετήγαγεν,
1009 1168 1056 1235 Ut

124 1289 221 1374 igitur
245 1288 477 1358 Strabonis
503 1291 593 1355 istam
616 1290 826 1389 narrationem
862 1312 920 1357 suo
951 1292 1055 1381 pretio

125 1404 341 1488 aestimemus,
365 1406 484 1496 partim
502 1424 630 1486 veram,
644 1400 761 1493 partim
782 1401 888 1469 falsam
909 1426 978 1470 eam
992 1427 1056 1470 esse

124 1532 317 1601 statuamusg
343 1540 448 1585 veram
481 1514 599 1583 scilicet
630 1516 664 1581 in
696 1538 757 1597 eo,
787 1513 875 1606 quod
908 1514 1053 1583 Theo-

124 1633 340 1722 phrastus
386 1627 655 1698 Aristotelis
691 1654 811 1719 opera,
861 1632 926 1698 sire
960 1633 1057 1720 iraius

123 1747 350 1833 manuscripta,
370 1760 524 1833 tanquam
547 1741 754 1808 hereditatem
763 1742 898 1829 praesidi
921 1746 1056 1835 Peripa-

124 1864 236 1928 teticae
255 1855 377 1927 scholae
390 1855 550 1940 debitam,
573 1858 636 1925 sive
658 1872 783 1924 tantum
799 1860 999 1949 apographa,
1022 1876 1059 1927 ut

126 1976 223 2045 ceteri
235 1972 400 2061 discipuli,
414 1972 546 2039 insuam
559 1970 782 2041 bibliothecam
793 1971 934 2039 retulerit
947 2002 958 2055 ς
972 1975 1057 2043 hanc

126 2115 202 2159 vero
220 2088 351 2157 Neleo
371 2075 506 2177 ejusq'ue
523 2086 692 2153 heredibus
717 2088 752 2153 in
777 2086 983 2157 hereditatem
1000 2114 1056 2157 re-

129 2207 281 2297 liquerit,
313 2231 329 2271 a
363 2204 480 2295 quibus
499 2220 607 2297 postea
630 2202 867 2294 Apellicon
900 2230 954 2272 sua
986 2231 1057 2273 ma-

127 2347 190 2410 gno
214 2323 315 2412 pretio
339 2320 445 2386 emisse
469 2318 617 2404 videtur3
643 2344 727 2411 quae
751 2318 882 2410 quidem
907 2345 974 2388 uuo
1003 2346 1057 2389 ore

129 2432 260 2501 tradunt
302 2430 602 2516 Plutarchus,
632 2431 1055 2518 Athenaeus,Dio-

131 2573 264 2637 genes
310 2548 522 2614 Laertius
568 2546 628 2637 (l).
709 2546 921 2616 Concedimus
965 2551 1059 2616 etiam

129 2665 376 2744 Straboni,
400 2661 826 2756 Aristotelisscripta
849 2664 1059 2754 merephilo-

128 2782 229 2870 sopha
246 2780 297 2844 his
313 2779 506 2868 temporibus
523 2779 626 2844 mium
648 2794 823 2845 ceterorum
845 2778 1059 2869 ¹philosopho·

128 2922 203 2965 rum
222 2896 347 2986 scriptis
361 2916 459 2958 manu
472 2894 543 2959 trita
562 2893 678 2976 fusse3
703 2893 758 2958 sed
780 2917 818 2960 ex
833 2895 870 2959 iis
880 2942 890 2977 ,
901 2896 1060 2984 quaeCi·

130 3036 234 3081 cero
256 3008 297 3075 de
319 3005 515 3075 Luculli
537 3004 728 3073 bibliotheca
751 3022 784 3071 et
804 3008 839 3072 iu
851 3006 934 3073 libro
947 3010 1063 3096 quinto

78 3130 80 3135 ’
129 3124 169 3191 de
190 3124 321 3191 Finibus
343 3117 1062 3212 deAristotelisetTheophrasti

131 3240 274 3330 scriptis,
309 3237 464 3327 imprimis
503 3234 545 3302 de
573 3233 694 3301 Ethicis
728 3231 878 3317 tradidit,
908 3233 1062 3303 affirmari

130 3378 220 3447 posse
242 3351 452 3435 confidimus,
480 3353 547 3439 jam
581 3368 653 3417 ante
688 3349 992 3442 Apellicontie
1027 3369 1061 3420 et

130 3469 283 3561 Syllae
320 3483 462 3561 tempora
493 3466 637 3531 Romanis
671 3464 944 3533 Aristotelis
967 3490 1059 3535 oom-

130 3585 297 3653 mentarios
318 3582 489 3650 innotrdsse
512 3580 573 3669 (2).
616 3580 754 3646 Maxime
784 3604 858 3647 vero
878 3580 1061 3650 infirmatur

9 3682 10 3689 λ
128 3704 205 3769 haec
227 3700 465 3769 Strabonis
490 3693 617 3765 uaditio
628 3695 701 3785 ipsis
724 3697 903 3787 primorum
922 3699 1057 3786 Peripa-

127 3878 329 3895 ἢ

169 3960 209 4029 (l)
232 3956 267 4033 V,
310 3954 361 4015 tt.
392 3950 438 4011 (ll.
467 3952 639 4030 Brendis,
680 3951 713 4013 Ο.
745 3953 766 4013 l.
799 3953 820 4021 1,
854 3955 902 4034 111,
931 3976 961 4035 p.
984 3955 1057 4015 258.

130 4072 167 4147 (hl
194 4066 384 4141 Stahr,ll‚
410 4083 440 4143 p.
473 4064 541 4124 150.
763 4078 766 4081 ·
