2817 5009
800 462 843 529 78

340 655 444 740 leges,
466 657 537 740 jura
559 650 736 730 describat,
760 671 827 713 rem
848 644 1011 737 publicam
1028 660 1131 731 regat,
1155 646 1289 713 omnia-

345 794 431 860 que,
463 768 502 834 ad
529 788 764 859 quamcumque
783 788 851 830 rem
871 763 1070 855 pertineant,
1093 778 1206 829 ornate
1228 787 1296 831 00«

233 880 239 887 ¹
346 889 496 977 pioseque
515 884 625 953 dicat”
652 883 716 970 (l).

351 1044 355 1051 ·
387 1006 575 1095 Intelligitur
593 1030 632 1072 ex
654 1004 715 1088 bis,
739 1004 1028 1071 Ciceronemin
1042 1000 1293 1091 ἐγκυκλοπαιδὲίᾳ
1395 1024 1396 1105 ξ

344 1148 422 1206 sua,
455 1139 491 1188 ut
516 1124 558 1187 ita
580 1120 710 1199 dicam,
733 1117 924 1202 condenda,
949 1134 1013 1185 tam
1035 1119 1225 1187 Platonis
1245 1120 1289 1187 de
1395 1124 1396 1137 ¹

343 1240 479 1320 artium,
504 1260 601 1325 quam
619 1231 885 1301 Aristotelis
908 1231 948 1298 de
970 1231 1189 1303 doctrinarum
1208 1236 1285 1304 viu.
1395 1246 1396 1253 ¹

344 1352 417 1420 culo
439 1352 627 1418 sententiam
649 1350 841 1441 respexisse'3
868 1346 956 1437 quod
991 1365 1030 1415 ut
1053 1346 1178 1443 planius
1207 1370 1283 1443 per-

343 1469 516 1557 spiciatur,
550 1468 703 1553 egregiam
737 1467 879 1533 Crassi
900 1452 971 1554 (2),
1006 1468 1054 1533 vel
1081 1470 1186 1557 potius
1219 1459 1281 1537 Ci—
1395 1458 1396 1465 ἶ

344 1588 539 1669 cernuis,
563 1585 604 1651 de
622 1602 745 1651 oratore
765 1587 977 1668 sententiam,
1011 1588 1155 1676 quamvis
1178 1588 1283 1679 paullo
1395 1576 1396 1583 ἵ

342 1699 537 1787 longiorem,
562 1696 739 1763 adscribere
753 1699 864 1783 juvat:
890 1744 912 1780 „
923 1695 1077 1763 Intuendi
1098 1700 1191 1765 nobis
1212 1716 1285 1765 sunt
1359 1764 1365 1775 ,

342 1840 408 1884 non
443 1815 545 1883 solum
578 1832 737 1897 oratores,
763 1814 829 1881 'sed
863 1816 956 1881 etiam
979 1831 1118 1900 actores,
1140 1840 1184 1882 ne
1206 1818 1284 1885 mala

342 1932 569 2003 consuetudine
596 1932 635 1999 ad
658 1933 797 2023 aliquam
816 1930 1050 2000 deformitatem
1072 1936 1282 2025 pravitatem-

340 2074 406 2141 que
426 2052 595 2119 veniamus.
619 2046 805 2116 Exercenda
828 2065 874 2114 est
896 2049 988 2115 etiam
1011 2052 1159 2117 memoria
1171 2102 1182 2137 ‚
1208 2050 1280 2118 edi-

340 2164 464 2233 scendis
485 2164 526 2229 ad
545 2166 680 2230 verbum
699 2164 963 2253 quamplurimis
989 2182 1021 2231 et
1031 2168 1146 2233 nostris
1157 2167 1283 2261 scriptis

340 2296 372 2347 et
405 2280 577 2348 alienis.—-
600 2277 784 2346 'Educenda'
814 2278 931 2346 deinde
963 2280 1062 2350 dictio
1080 2302 1126 2353 est
1153 2307 1193 2351 ex
1221 2285 1281 2353 hae

341 2392 511 2465 domestica
545 2384 767 2462 exercitatione
800 2412 832 2461 et
856 2397 1042 2483 umbratili,
1075 2398 1217 2469 medium
1245 2404 1279 2467 in

341 2537 478 2601 agmen,
511 2513 545 2577 in
577 2509 763 2603 pulverem,
796 2513 831 2577 in
861 2510 1050 2599 clamorem,
1093 2516 1127 2581 in
1154 2524 1280 2601 castra,

340 2648 436 2721 atque
465 2630 500 2695 in
537 2631 633 2696 aciem
658 2629 837 2697 forensem:
863 2630 1046 2699 subeundus
1067 2658 1140 2699 usus
1166 2636 1277 2701 omui·

339 2773 416 2830 um,
449 2763 481 2813 et
513 2744 738 2837 periclitandae
776 2748 855 2812 vires
882 2748 1024 2834 ingenii3
1049 2766 1081 2815 et
1105 2749 1156 2816 illa
1184 2775 1276 2819 com-

337 2864 490 2931 mentatio
521 2860 640 2927 inclusa
658 2860 703 2926 -in
717 2863 860 2928 scribtis
880 2861 984 2930 lucem
1003 2864 1195 2956 proferenda
1217 2885 1275 2935 est.

338 2978 481 3068 Legendi
514 2979 607 3045 etiam
629 2975 765 3065 politae,
799 2966 1015 3066 cognoscenda
1047 2981 1193 3067 historia,
1237 3009 1276 3051 o-

337 3101 464 3166 mnium
482 3100 639 3164 bonarum
658 3097 773 3160 artium
794 3096 960 3187 scriptores
982 3113 1078 3187 atque
1090 3097 1233 3167 doctores
1245 3118 1275 3167 et

336 3213 484 3303 legendi,
519 3229 551 3277 et
579 3208 819 3301 pervolutandi,
861 3228 892 3276 et
927 3215 1154 3291 exercitationis
1187 3234 1276 3285 causa

335 3325 508 3409 laudandi,
541 3322 798 3413 interpretandi,
831 3327 1030 3415 corrigendi,
1054 3331 1274 3423 vituperandi,

334 3440 521 3526 refellendi3
547 3436 845 3533 disputandumque
869 3440 910 3509 de
929 3445 1017 3511 omni
1039 3471 1074 3513 re
1096 3448 1272 3517 incontra-

377 3640 427 3719 (Ι)
449 3639 485 3698 de
509 3635 589 3697 Orat.
616 3637 666 3713 ΙΙΙ,
686 3638 737 3699 20.
781 3640 822 3713 (Ι)
843 3642 878 3702 de
907 3642 985 3704 Orat.
1012 3644 1035 3721 Ι,
1057 3646 1109 3705 bl.
1152 3645 1195 3707 Dc
1217 3648 1271 3709 boc

332 3748 389 3808 lato
431 3746 548 3808 oratoris
572 3765 685 3807 munere
714 3748 760 3808 eff.
786 3751 904 3811 maxime
929 3751 1127 3813 Ciceronis
1151 3754 1213 3815 loca
1236 3758 1271 3817 dc

331 3856 411 3917 Orat.
450 3858 472 3923 Ι,
514 3859 551 3916 tc
588 3871 616 3917 ct
649 3857 701 3935 28,
738 3860 773 3935 ll,
811 3860 841 3936 8,
876 3860 951 3921 Oet
979 3863 1031 3938 29,
1061 3864 1108 3930 ΙΙΙ,
1136 3865 1156 3923 5
1180 3878 1208 3925 et
1236 3866 1267 3941 6,

328 3966 406 4028 Orat.
435 3986 462 4026 c.
492 3968 539 4033 ΙΙ,
569 3962 686 4028 deor.
713 3969 733 4045 Ι,
761 3968 810 4036 57,
836 3970 870 4039 ΙΙ,
909 3972 956 4047 ΙΙ,
974 3973 1019 4035 'de
1048 3974 1132 4054 legg.
1163 3976 1186 4053 Ι,
1214 3976 1266 4054 ΙΙ,

324 4077 403 4139 Orat.
435 4075 512 4137 Part.
540 4096 565 4136 c.
603 4078 654 4136 ΙΙ).
