2817 5009
784 499 828 565 40

308 670 312 685 ¹
342 688 486 779 ἀργυρίων
515 690 554 755 τοί
575 710 605 753 τε
635 680 837 776 Ἀριςοτελοος
868 684 917 750 καί
948 685 987 749 τὰ
1019 689 1080 749 τοῦ.
1101 684 1284 774 Θεοφροίςον

345 808 463 897 βιβλία·
491 807 526 881 ἦν
549 807 584 877 δὲ
616 796 827 877 δἈπελλίκων
854 806 1025 899 φιλόβιβλος
1053 806 1168 894 μᾶλλον
1188 807 1206 877 ἢ
1226 830 1283 896 φι-

344 933 473 1025 λόσοφος’
524 932 573 1001 διὸ
606 934 656 1001 καί
690 940 788 1012 ζητῶν
817 932 1009 1022 ἐπανόρθωσιν
1043 937 1101 995 τῶν
1139 928 1282 1020 διαβρω-

345 1062 461 1145 ραίτων,
503 1060 541 1131 εἰς
577 1059 740 1147 ἀντίγραφα
780 1057 867 1120 καινὰ
900 1061 1055 1143 μετήνεγκε
1103 1056 1155 1123 τήν
1200 1078 1283 1144 γρα-

345 1182 427 1270 φήν,
457 1179 632 1270 ἀναπληρῶν
675 1180 725 1245 οὐκ
756 1172 815 1265 εὖ,
847 1178 896 1243 καιΙ
923 1176 1067 1255 ’ἐξέδωκαν
1097 1174 1283 1268 ἁμαρτάδων

345 1302 442 1392 πλήρη
472 1305 510 1369 τὰ
543 1302 658 1389 βιβλία.
716 1302 828 1389 Συνέβη
848 1300 884 1369 δὲ
909 1307 968 1378 τοῖς
999 1303 1031 1368 ἒιι
1050 1308 1109 1368 τῶν
1139 1304 1284 1393 Περιπά-

346 1451 418 1513 των,
435 1430 492 1503 τοῖς
499 1426 551 1514 μὲν
565 1427 658 1492 παλαι
668 1431 726 1502 τοῖς
733 1429 807 1515 μετὰ
823 1430 1011 1517 Θεόφραςον,
1028 1426 1099 1501 ὅλως
1113 1426 1164 1492 eim
1178 1431 1282 1514 ἔχουσι

345 1552 385 1615 τὰ
411 1548 517 1635 βιβλία
529 1602 540 1637 ,
567 1552 642 1621 πλὴν
667 1551 786 1640 ὀλίγων,
813 1550 861 1615 καί
890 1551 1006 1639 μαλιςα
1023 1557 1080 1617 τῶν
1091 1548 1281 1642 ἐξωτερικῶν,

346 1672 439 1762 μηδὲν
487 1680 566 1762 ἔχειν
621 1664 780 1767 φιλοσοφεῖν
825 1682 1051 1767 πραγματικῶς,
1097 1676 1179 1741 ἀλλὰ
1226 1677 1281 1742 θέ-

345 1826 404 1876 σεις
419 1801 592 1879 ληκυθίζιιν·
622 1788 679 1877 τοῖς
705 1796 734 1868 δ’
752 1806 853 1892 ὗςερον
865 1854 876 1889 ,
901 1797 985 1893 ἁφόιί
1002 1804 1040 1868 τὰ
1062 1801 1168 1887 βιβλία
1191 1811 1282 1871 ταῦτα

343 1926 498 2016 προῆλθεν,
524 1933 640 2015 ἄμεινον
679 1928 740 2014 μὲν
762 1929 876 1993 ἐκείνοιν
907 1928 1068 2019 φιλοσοφεῖν
1094 1928 1143 1993 καί
1169 1932 1281 2020 σἰριςο-

345 2049 482 2136 τελίζειν,
509 2052 715 2142 ἀναμιωίζεὲιαι
732 2053 827 2138 μέντοι
856 2054 893 2118 τὰ
926 2052 1022 2117 πολλοὶ
1054 2054 1149 2119 εἰκότα
1170 2054 1280 2143 λέγειν,

345 2172 401 2239 διὰ
428 2174 460 2239 τὸ
485 2173 591 2247 πλῆθος
616 2179 673 2240 τῶν
697 2177 859 2265 ἁμαρτιῶν·
893 2176 974 2241 Πολὺ
993 2174 1029 2243 δὲ
1059 2178 1096 2251 εἷς
1119 2184 1202 2245 τοῦτο
1230 2180 1280 2244 καί

344 2301 364 2368 ή
395 2288 496 2384 Ῥώμη
526 2296 729 2388 προςελοίβετο.
781 2298 874 2374 Εὐθὺς
901 2302 960 2391 γὰρ
986 2303 1061 2388 μετὰ
1086 2303 1137 2371 τήν
1163 2295 1280 2369 Ἀπελ-

344 2421 469 2495 λίκοντος
513 2421 670 2509 τελευτὴν,
719 2422 831 2498 Σύλλας
877 2422 936 2490 εἱλε
964 2428 1015 2496 τὴν
1061 2420 1281 2503 Ἀπελλίκοντος

344 2544 535 2632 βιβλιοθήκην
562 2548 576 2611 ὁ
602 2548 654 2623 τὰς
679 2540 804 2622 Ἀθήνας
830 2548 911 2613 ἑλών·
933 2546 1018 2639 δεῦρο
1043 2548 1079 2615 δὲ
1105 2553 1281 2637 κομιθεῖσαν
1342 2557 1347 2565 ’
1402 2613 1408 2631 ,

344 2671 509 2761 Τυραννίων
534 2695 564 2738 τε
589 2673 604 2736 ὁ
634 2671 833 2762 γραμματικὸς
866 2669 1078 2764 διεχειρίσατο,
1119 2674 1279 2765 φιλαριςο-
1340 2735 1344 2744 .

343 2793 424 2869 τέλης
449 2793 516 2880 ίον,
557 2795 731 2886 θεραπεύσας
761 2794 807 2861 τὸν
837 2796 884 2861 ἐπὶ
915 2806 964 2871 τῆς
994 2795 1184 2883 βιβλιοθήκης
1214 2800 1227 2886 (
1251 2798 1275 2884 ).

342 2908 571 3002 Quemloeum
593 2910 937 2978 Plutarchusin
961 2914 1024 2981 vita
1049 2912 1204 3003 syllae
1227 2915 1276 3004 (2)

343 3029 508 3119 excerpsit.
552 3030 622 3095 Jem
640 3029 793 3095 continuo
813 3029 974 3112 negotium
990 3029 1083 3095 nobis
1103 3029 1179 3096 facit
1198 3033 1276 3121 qui-

342 3144 417 3211 dem
442 3144 598 3212 Athenaei
622 3143 671 3233 (3)
692 3143 801 3225 loeus,
832 3145 889 3231 qui
910 3142 1090 3212 adversatur
1112 3145 1278 3213 Strabonis
1407 3177 1409 3187 ι

340 3440 370 3501 p.
408 3420 457 3497 10,
489 3424 525 3481 11
555 3421 761 3501 scriptoresque
790 3423 827 3482 ibi
855 3425 982 3501 laudati,
1009 3427 1044 3502 11,
1086 3447 1115 3505 p.
1139 3429 1189 3496 52,
1223 3432 1273 3507 55,

343 3530 415 3608 418,
457 3532 526 3592 119.
564 3532 607 3591 ld.
650 3533 685 3591 A.
721 3534 750 3591 b.
791 3534 821 3593 d.
866 3534 903 3593 R.·
928 3553 958 3612 p.
989 3535 1040 3603 25,
1068 3536 1120 3596 26.
1165 3540 1205 3612 (1)
1227 3540 1274 3600 cf.

339 3640 472 3708 Stehr,
497 3642 532 3717 n,
554 3660 583 3719 p.
614 3640 741 3708 18-50,
783 3643 942 3704 114-121
983 3656 1013 3704 οι
1040 3662 1069 3723 p.
1098 3646 1273 3710 {ee-166.

340 3748 381 3823 νή)
404 3766 431 3808 ο.
459 3748 510 3826 26,
536 3747 580 3809 Cs.
608 3748 755 3826 Suidas‚
786 3768 856 3810 voce
870 3755 977 3825 Σύλλας,
1000 3751 1066 3812 Vol.
1081 3752 1129 3828 111,
1154 3774 1184 3833 p.
1213 3757 1274 3817 595

339 3858 458 3934 Riese,
482 3858 711 3933 Schneider,
734 3858 825 3937 Epim.
850 3859 885 3934 ss,
912 3860 1023 3920 Arist.
1064 3862 1136 3923 Ηίικ.
1159 3863 1189 3922 d.
1216 3864 1302 3925 Λικ·

339 3964 403 4027 Vol.
432 3967 455 4043 1,
476 3986 507 4047 ρ.
524 3966 634 4043 LXXX,
658 3966 771 4045 iiopp,
801 3964 837 4025 0.
862 3968 881 4026 Ι.
913 3968 962 4041 111,
978 3968 999 4036 1,
1021 3988 1052 4048 ρ.
1069 3971 1120 4037 95,
1142 3970 1273 4039 steht,

338 4078 376 4157 11,
406 4096 436 4159 p.
471 4077 606 4139 22-50·
653 4078 691 4150 (5)
715 4077 738 4152 Ι,
764 4076 795 4156 9,
827 4096 855 4156 p.
887 4078 906 4134 5
934 4077 967 4137 C.
