2817 5009
793 491 853 564 142

348 738 355 755 t
379 687 521 762 Cicera
555 700 661 752 antem
687 682 840 770 justitiam
863 678 1105 770 particularem,
1126 701 1165 744 ex
1192 680 1293 746 Ari·

337 801 511 881 stotelis
529 798 698 883 doctriua,
735 822 833 887 quam
854 797 998 862 universe
1018 796 1052 858 in
1071 796 1197 882 justitia
1220 795 1289 862 de-

337 914 480 984 finienda
510 917 707 1008 ponntnum
739 929 864 980 secutus
886 935 951 978 esse
975 909 1125 992 videtur,
1148 909 1289 980 desum-

247 1062 253 1070 ·
337 1048 423 1122 tant,
444 1033 479 1098 in
493 1031 586 1116 iibris
606 1029 647 1098 de
669 1028 790 1098 Officiis
809 1045 845 1094 ut
868 1027 1141 1120 honesti'speciem
1158 1052 1286 1120 propc-

337 1143 418 1218 snit‚
440 1158 494 1225 et,
515 1167 591 1208 cum
621 1142 699 1209 haec
725 1142 769 1208 vis
793 1148 865 1226 ejus
889 1139 1027 1210 dicenda
1047 1143 1106 1224 sit,
1131 1158 1169 1208 ut
1189 1165 1289 1212 suum

338 1262 458 1351 cuique,
491 1262 610 1329 tribnat
633 1263 860 1352 neminemque
877 1262 1000 1344 laedat,
1023 1287 1093 1332 eum
1116 1265 1152 1330 in
1175 1281 1286 1335 exter-

336 1381 386 1451 nis
409 1379 576 1448 huminum
595 1378 879 1448 necessitudinibus
892 1381 1046 1470 positam,
1067 1396 1185 1450 etcum
1197 1379 1287 1450 iihe-

337 1495 470 1582 rditate,
488 1519 570 1585 qaue
593 1497 670 1587 ipsa,
693 1520 733 1563 ex
754 1497 822 1582 ejus
834 1497 999 1576 sententia,
1014 1497 1153 1564 insnum
1166 1499 1288 1590 cuique

335 1611 508 1680 tribuendo
527 1629 685 1693 vematnr,
708 1613 878 1679 arctissime
888 1615 1094 1698 conjunctam
1108 1612 1171 1701 (l),
1185 1614 1284 1702 ipsius

337 1751 413 1812 γεω
424 1728 567 1815 justitiae
590 1725 841 1794 fundamentum
865 1724 965 1792 fidem
987 1749 1051 1793 esse
1076 1729 1200 1806 censuit
1222 1727 1283 1815 (2).

381 1844 564 1914 nolendum
592 1845 727 1912 maxime
764 1861 830 1928 est,
853 1845 1005 1910 interiisse
1031 1845 1283 1914 Aristotelis

338 1979 489 2070 quattuor
513 1987 586 2030 sane
616 1961 751 2049 grandes
786 1961 903 2043 libros,
932 1984 1034 2054 quos,
1069 1964 1283 2031 Cicerone

338 2099 415 2150 teste
437 2081 511 2172 (3),
534 2080 576 2148 de
596 2082 662 2171 ipsa
668 2080 791 2170 justitia
804 2077 967 2172 implevit3
990 2081 1142 2148 interiisse
1152 2106 1282 2174 quoque

337 2196 460 2264 Laelii
479 2197 656 2282 egregiam,
680 2212 717 2260 nt
738 2193 886 2277 videtur,
911 2221 972 2288 pto
987 2199 1107 2286 justitia
1132 2196 1280 2292 disputa-

338 2313 475 2407 tionemt
521 2309 675 2391 „illorum
708 2307 768 2376 fuit
789 2307 946 2376 heroum’'
995 2311 1191 2397 (Platonis
1216 2315 1280 2382 sci-

336 2427 411 2494 licet
442 2442 475 2491 et
504 2425 787 2515 Aristotelis),
821 2428 863 2490 ait
901 2424 1151 2516 Cice1·o(4),
1188 2454 1281 2512 „eam
1405 2445 1406 2456 ³

335 2545 507 2626 virtutem,
531 2566 612 2634 quae
634 2556 681 2606 est
700 2566 786 2623 nna,
811 2543 834 2606 si
858 2540 1029 2625 modoest,
1052 2546 1182 2609 maxime
1197 2569 1276 2610 mu·
1404 2571 1405 2595 t

335 2657 432 2727 nifica
466 2676 498 2729 et
529 2657 686 2740 liberalis,
724 2674 757 2723 et
790 2681 870 2747 quae
898 2683 1007 2728 omnes
1032 2661 1146 2746 magis,
1181 2685 1277 2749 quam

336 2799 425 2868 sepse
446 2772 565 2862 diligit,
589 2774 654 2841 aliis
672 2790 744 2840 nata
768 2775 893 2864 potius,
922 2799 1017 2864 quam
1041 2777 1120 2852 sibi,
1143 2779 1275 2846 excitare

333 2894 514 2980 jacentem,
538 2906 570 2956 et
590 2893 624 2956 in
646 2890 698 2958 illo
721 2888 830 2957 divino
849 2889 924 2960 solio
945 2891 1276 2983 nonlongeasapien-
1400 2969 1401 2978 χ

334 2992 376 3079 tia
408 3011 568 3080 collocate.
612 3013 680 3078 Nec
713 3034 787 3078 vero
821 3009 879 3076 illis
908 3025 961 3074 aut
985 3007 1125 3076 voluntas
1149 2989 1271 3080 detuit:

335 3126 431 3219 (qnae
446 3129 535 3194 enim
554 3127 589 3191 iis
609 3123 770 3192 scribendi
794 3123 851 3190 alia
868 3147 977 3204 cansa,
1000 3141 1054 3190 aut
1065 3123 1155 3214 quod
1166 3128 1272 3194 omni-

334 3269 378 3312 nc
404 3243 570 3313 consilium
597 3241 700 3328 fuiti)
736 3256 791 3304 aut
821 3240 1004 3326 ingenium,
1041 3265 1107 3328 qno
1128 3244 1275 3311 omnibus
1397 3267 1398 3297 t

334 3363 570 3458 paestitemnt.
610 3357 680 3426 sad
704 3381 814 3426 eorum
837 3375 870 3424 et
887 3358 1082 3430 veluntatem
1105 3362 1272 3452 etcopiam
1396 3355 1397 3358 ¹

331 3529 543 3553 ...n-unt·-

331 3615 355 3698 §
378 3614 453 3685 det
471 3615 523 3682 dd,
539 3601 749 3690 B'irnbanm,
780 3613 887 3673 Corum.
903 3613 939 3672 de
957 3613 1050 3691 Hng.
1064 3611 1160 3672 Grot.
1174 3613 1202 3671 in
1215 3613 1268 3672 des.

327 3728 393 3808 jere
418 3737 476 3786 nat.
500 3729 567 3786 vert
591 3723 1268 3804 mente,p.18sqq.,Dr0ste·Hnlshofs,
1392 3741 1393 3753 ¹

331 3839 443 3899 (innam.
472 3837 508 3896 de
528 3838 645 3896 Arist.
663 3837 732 3916 just.
760 3837 835 3896 univ.
861 3849 891 3895 ct
915 3848 987 3914 part.
1010 3836 1156 3894 Bonnae
1180 3833 1269 3896 1856.

331 3949 372 4027 tn
407 3947 444 4007 ca
479 3945 547 4006 ott
574 3947 597 4014 1,
622 3947 651 4013 s,
685 3946 733 4013 to,
764 3947 812 4022 tt,
842 3947 889 4012 n,
910 3947 945 4006 ee
971 3947 1059 4024 segg.
1085 3947 1105 4012 ι,
1137 3945 1186 4004 15.
1231 3945 1268 4022 (n

330 4056 456 4120 nun.
486 4055 508 4121 1,
535 4055 566 4114 τ.
611 4053 651 4130 (a)
674 4053 715 4112 te·
739 4053 811 4132 nep.
839 4053 888 4129 nt,
917 4051 947 4112 e.
965 4050 1126 4132 (κοῖος.
1148 4053 1265 4115 Laeta
1388 4059 1390 4120 t

327 4167 364 4243 Y,
385 4179 455 4227 sect.
482 4163 534 4222 22.
580 4161 620 4237 (ei)
644 4159 715 4220 ibid.
