2817 5009
788 462 847 533 128

346 649 432 719 modi
463 672 575 731 musa,
608 649 663 716 sed
697 650 791 716 etiam
825 648 920 715 vitam
940 645 1146 715 amittendam
1168 645 1279 713 existi-

348 781 490 834 marenta
515 767 573 854 qui
603 765 733 833 tandem
752 760 822 832 fieri
841 765 967 852 potuit,
993 764 1052 828 uisi
1074 761 1218 829 homines
1238 786 1284 842 ea,

350 903 432 970 quae
453 882 573 949 ratione
591 884 804 965 invenissent,
826 879 1004 973 eloquentia
1016 876 1207 971 persuadere
1220 902 1282 969 po-

352 997 534 1065 tuisseut”?
566 1014 599 1064 et
617 998 652 1065 iu
678 996 767 1064 libris
791 992 832 1061 de
853 998 987 1062 Oratore
1012 990 1081 1081 (l)=
1108 993 1225 1082 „Quae
1243 992 1286 1058 via

351 1111 410 1177 alia
440 1113 546 1204 potuit
575 1128 631 1179 aut
660 1110 816 1203 dispersoe
835 1110 978 1177 homines
1006 1132 1108 1175 nuum
1128 1108 1286 1177 inlocum

352 1250 560 1314 oongregare‚
581 1242 635 1293 ant
661 1227 763 1294 asera
786 1226 961 1317 agrestique
984 1226 1046 1293 vita
1068 1221 1209 1293 adhunc
1221 1223 1286 1290 hu·

353 1367 485 1409 manunt
516 1342 639 1411 anitum
674 1341 862 1432 uirilemque
897 1338 1078 1426 deducere,
1116 1356 1194 1423 ant,
1222 1343 1289 1428 jam
1390 1338 1391 1402 1

352 1460 530 1527 constitutis
551 1458 740 1534 civitatibus.
763 1456 856 1545 leges,
874 1456 1018 1546 judicia,
1039 1460 1113 1546 jura
1123 1455 1288 1526 describe·

353 1579 415 1643 νοῒ
428 1612 472 1629 —
494 1574 549 1643 Sic
573 1575 659 1641 enim
686 1589 811 1656 statuo,
836 1573 969 1666 perseeti
990 1574 1121 1641 oratoris
1142 1570 1290 1639 modera-

355 1692 441 1758 tione
471 1705 504 1757 et
537 1690 688 1778 sapientia
723 1713 789 1757 non
825 1688 924 1755 solum
955 1690 1051 1785 ipsius
1083 1686 1289 1775 dignitatem,

355 1800 412 1871 sed
445 1820 479 1870 et
511 1807 719 1897 privatorum
742 1803 981 1895 plurimorum,
1014 1821 1047 1872 et
1066 1806 1228 1872 universae
1249 1807 1291 1871 rei

355 1920 503 2012 publieae
534 1920 665 1989 salutem
696 1922 831 1989 maxime
863 1922 1056 1990 contineri.'’
1105 1923 1192 1990 Hine
1219 1923 1292 1988 item

355 2037 391 2101 iu
432 2037 618 2128 republica
657 2038 854 2129 eloquentiae
879 2040 1016 2127 primas,
1044 2038 1127 2125 juris
1149 2038 1293 2105 scientiae
1392 2108 1393 2119 p

355 2150 508 2218 secundas
528 2155 700 2220 noncessit:
726 2176 827 2241 quum
853 2155 887 2219 in
908 2153 1023 2238 altera,
1056 2154 1199 2241 gratiae,
1222 2152 1292 2241 glo·-
1385 2174 1393 2219 ’ς

357 2270 442 2351 riae,
468 2266 614 2357 praesidii
635 2268 814 2359 plurimum
834 2287 931 2339 meet:
966 2272 1000 2337 in
1026 2269 1121 2336 altera
1141 2294 1294 2361 perseeu-

359 2384 505 2464 tionum,
538 2384 783 2475 cautionumque
818 2387 1022 2477 praeeepti03
1059 2409 1139 2475 quae
1165 2383 1296 2476 quidem

361 2500 428 2589 ipsa
448 2497 597 2565 auxilium
622 2502 663 2567 ab
684 2499 865 2591 eloquentia
886 2524 976 2594 saepe
999 2517 1141 2595 peteret,
1165 2524 1199 2567 ea
1222 2524 1297 2569 vnn

370 2732 597 2753 Ἢ

403 2871 442 2948 (1)
465 2870 488 2945 1,
516 2870 547 2930 8.
578 2870 622 2932 61.
652 2870 760 2935 Brut.
786 2893 813 2935 c.
840 2876 870 2953 6,
896 2874 978 2939 Tuse.
1007 2878 1031 2953 1,
1062 2880 1089 2945 1,
1128 2876 1164 2939 de
1188 2877 1246 2941 011.
1274 2876 1298 2953 l,

364 2983 411 3052 16,
439 2982 475 3043 (1ο
499 2982 590 3067 legg..
614 2985 637 3062 l,
663 2988 695 3062 9,
720 2986 756 3047 de
771 2986 845 3066 Rep.
859 2988 907 3064 111,
923 2988 956 3067 6,
972 3001 1001 3047 et
1015 2988 1128 3049 Arist.
1144 2989 1209 3051 Pol.
1225 2992 1249 3067 1,
1266 2988 1297 3067 2,

361 3114 392 3174 p.
425 3075 527 3162 Ἠῶ,
563 3096 632 3155 169
661 3116 744 3175 sqq.t
772 3103 858 3177 Λόγον
878 3102 909 3159 δὲ
926 3102 1004 3179 μόνον
1025 3100 1157 3180 ἅνθρωπος
1175 3102 1231 3182 ἔχει
1249 3112 1300 3162 τῶν

363 3215 501 3285 ζῷων-
528 3209 543 3266 ‘o
573 3208 604 3267 δὲ
623 3210 700 3286 λόγος
718 3210 761 3267 itti
781 3218 818 3284 τῷ
837 3191 933 3271 aititur
953 3210 994 3277 ἑςὶ
1013 3208 1043 3267 τὸ
1062 3214 1187 3291 συμφέρον
1207 3212 1301 3270 καὶ-τὸ

270 3376 276 3387 ‚
354 3320 515 3410 fiammis,
547 3320 600 3383 ὧςι
628 3318 673 3373 καὶ
701 3316 732 3373 τ“ο
764 3316 864 3374 δίκαιον
896 3320 941 3375 καὶ
972 3318 1003 3377 τὸ
1022 3316 1124 3377 ἄδικον.
1144 3328 1222 3380 τοῦτο
1249 3324 1301 3402 ’γὰρ

363 3423 428 3499 πρὸς
457 3420 544 3479 τᾶλλα
570 3428 624 3496 ζῷα
651 3430 709 3487 τοῖς
739 3424 881 3500 ἀνθρώποις
912 3426 1004 3494 ἴδιον,
1035 3428 1066 3485 τὸ
1094 3430 1173 3506 μόνον
1200 3433 1302 3507 ἀγαθοῦ

362 3531 408 3608 κυνὶ
440 3535 520 3587 κακοῦ
552 3528 597 3586 καὶ
629 3528 732 3587 δικαίου
752 3532 796 3588 καὶ
816 3532 911 3591 ἀδίκου
941 3536 1056 3593 καὶτῶν
1076 3534 1163 3595 ἄλλων
1192 3538 1302 3602 airinom

365 3639 448 3716 ἔχειν.
481 3644 497 3703 ἡ
529 3638 560 3697 e‘i
589 3645 688 3698 τούτων
718 3646 840 3701 κοινωνία
868 3652 937 3705 πονεῖ
968 3646 1052 3702 οἰκίαν
1073 3648 1118 3702 καὶ
1136 3646 1224 3704 πόλιν.
1247 3642 1301 3703 Cff.

364 3741 447 3802 etiam
474 3742 669 3819 Kneitner,
692 3742 729 3811 Ο,
754 3746 776 3804 1.
806 3765 836 3824 p.
868 3747 919 3823 tt,
944 3746 1079 3825 imprimis
1101 3769 1132 3827 p.
1159 3750 1199 3811 78
1232 3753 1303 3814 notis

366 3854 388 3911 5
422 3864 452 3912 et
483 3852 505 3913 6
537 3866 567 3913 et
588 3853 615 3914 i.
638 3853 675 3912 A.
700 3854 736 3913 (i.
762 3856 1028 3936 manaurae,
1058 3858 1096 3919 0.
1123 3860 1144 3919 1.
1189 3880 1218 3941 p.
1246 3864 1304 3922 176

369 3961 474 4039 (ibique
492 3962 632 4022 insudatum
645 3964 860 4025 Munatium
876 3965 903 4026 in
916 3982 1077 4047 argumento
1091 3984 1162 4031 orat.
1179 3992 1231 4051 pro
1246 3975 1305 4053 iege

368 4072 522 4133 Manilia
550 4072 604 4132 Ed.
632 4073 764 4140 Graev.
793 4088 815 4135 t.
846 4078 870 4136 11
895 4083 1015 4159 praem.)
1045 4094 1072 4145 et
1099 4102 1130 4161 p.
1155 4084 1218 4144 att
1243 4104 1286 4165 sq.
