2817 5009
545 454 604 519 115

82 634 177 717 reat‚'
212 659 297 726 quor
319 637 441 703 fruetus
468 637 623 703 Cicero
656 639 690 703 in
717 661 882 707 numerosa
906 640 1045 709 oratioue

85 751 294 821 wcficisudn
326 773 365 817 ex
401 752 875 843 Aristotele'peroeperita
915 778 955 833 eu
977 778 1042 843 qua

88 863 330 950 comparatione
364 862 426 929 hoc
444 863 522 930 itam
542 876 652 954 patera
674 863 754 928 milui
790 863 935 946 videtur,
971 868 1041 935 Gi-

89 998 305 1046 cc'runem
339 980 430 1064 tnagis
451 982 543 1045 etiam
565 980 600 1046 iu
628 1002 685 1045 suo
705 981 838 1045 Oratore
855 979 1053 1067 quamlibro.

86 1097 189 1161 tertio
213 1091 254 1157 de
265 1097 396 1159 Oratore
409 1095 652 1161 Aristotelis
666 1094 740 1160 libri
765 1097 846 1161 tertii
860 1093 900 1159 de
914 1093 1040 1164 Rhoo-

84 1213 160 1277 rioa
189 1212 342 1275 rationem
363 1228 393 1276 et
414 1210 599 1303 disputandi
626 1215 772 1281 ordinem
792 1236 857 1279 csso
889 1228 1042 1282 secutum.

255 1442 422 1509 caterona
446 1443 624 1511 Orationes
645 1457 681 1511 et
700 1447 884 1537 Eputolae.

142 1679 389 1759 ‚,Duosunt'.',
415 1693 452 1741 ut
474 1680 517 1741 ait
540 1680 698 1744 Cicero
724 1678 798 1763 (l),
824 1701 938 1768 „quae
960 1679 1041 1741 haue

92 1810 231 1859 tractata
265 1794 305 1857 ab
328 1809 473 1875 oratore,
507 1792 725 1859 admirabilem
753 1793 965 1885 eloquentiam
989 1766 1056 1857 ἡ(

92 1921 208 1996 ciant;
245 1941 384 2006 quorum
413 1916 547 2007 alterum
578 1933 642 1997 est,
676 1915 767 2006 quod
803 1918 916 1985 Graeci
946 1916 1042 1986 ἠθικὸν

89 2049 231 2109 vocant,
253 2032 294 2097 ad
321 2048 469 2111 naturas,
494 2048 527 2097 et
544 2030 584 2095 ad
607 2054 729 2111 mores,
753 2029 1039 2100 etadomnemvi-

91 2166 142 2215 tae
165 2146 429 2217 consuetudinem
450 2147 746 2232 accommodatum
772 2148 925 2228 alterum,
949 2148 1038 2239 quod

91 2273 191 2341 iidem
216 2270 372 2341 παθητικὸν
398 2277 562 2342 nominant
580 2319 593 2355 ‚
611 2299 678 2367 quo
698 2276 929 2367 perturbantur
942 2276 1039 2345 animi

91 2408 125 2457 et
160 2391 382 2475 concitantur,
417 2394 450 2457 in
478 2418 543 2483 quo
571 2418 636 2461 uno
657 2411 766 2480 regnat
784 2397 892 2464 oratio.
952 2395 1038 2463 Illud

93 2507 258 2602 superios,
282 2530 396 2592 come,
414 2508 618 2595 jucundum,
642 2508 680 2575 ad
695 2510 941 2579 benivolentiam
954 2537 1036 2581 cou-

94 2621 261 2688 ciliandam
274 2639 427 2713 paratum:
456 2624 537 2706 hoc,
561 2628 748 2714 vehemens,
771 2630 954 2711 incensum,
979 2631 1034 2695 in-

93 2742 242 2815 citatum,
268 2765 335 2830 quo
358 2764 463 2807 causae
483 2744 686 2831 eripiuntur:
712 2744 813 2833 quod,
837 2772 911 2811 cnm
921 2744 1033 2837 rapide

89 2858 218 2937 fertur,
248 2858 393 2923 sustineri
426 2858 514 2925 nullo
536 2858 638 2947 lpacto
662 2874 776 2950 potest.
821 2862 897 2951 Quo
921 2888 1034 2949 genere

92 2997 169 3055 nos,
194 2970 383 3057 mediocres,
409 2991 462 3039 aut
485 2972 584 3038 multo
610 2974 704 3038 etiam
725 2976 848 3041 minus:
873 2976 927 3040 sed
958 3000 1030 3041 ma-

92 3114 156 3176 gno
178 3111 304 3182 semper
323 3090 370 3154 usi
392 3091 541 3177 impetu,
564 3112 653 3178 saepe
676 3086 866 3155 adversarios
890 3089 931 3156 de
953 3106 1034 3159 statu

90 3204 177 3270 omni
209 3200 391 3291 dejecimus.
436 3205 534 3271 Nobis
566 3229 627 3297 pro
658 3202 798 3271 familiari
827 3230 1033 3275 reosummus

90 3336 193 3385 orator
221 3342 288 3385 uon
308 3319 475 3410 respondit
501 3322 755 3387 Hortensius
778 3320 838 3413 (2).
886 3326 914 3393 Α
939 3326 1031 3391 nobis

89 3437 186 3505 homo
206 3433 426 3502 audacissimus
447 3435 645 3501 Catilina
678 3439 713 3502 in
740 3456 849 3506 senatu
870 3459 1031 3508 accusatus

92 3552 262 3621 obmutuit.
316 3551 416 3619 Nobis
446 3551 623 3643 privatam
648 3576 737 3617 causa
762 3578 872 3639 magna
894 3571 925 3619 et
948 3559 1032 3641 gravi

93 3694 198 3761 quum
220 3671 371 3759 coepisset
393 3669 531 3736 Curio
565 3683 657 3759 pater
679 3664 891 3757 respondere,
927 3672 1033 3738 subito

131 3925 174 3999 (l)
195 3921 276 3983 Orat.
291 3883 294 3889 Ι
308 3941 335 3981 c.
364 3922 415 3979 37.
442 3888 500 3994 ll)
523 3916 663 3995 Significat
684 3894 825 3977 Cicero
849 3923 971 3985 actiones
1004 3926 1031 3984 iu

91 4035 255 4096 Verrem.

892 4110 950 4203 δὴ,
