2817 5009
558 490 617 556 129

13 673 14 691 ³
126 689 324 762 repugnante
370 672 421 736 rix
457 693 525 735 suas
556 674 694 757 regiones
730 671 876 762 finesque
912 672 1071 743 desende-

126 804 175 852 τοι
197 788 258 877 (Ι).

165 904 218 969 Ab
252 903 312 969 hae
345 899 523 968 doctrinam
554 899 712 991 politicam
752 901 908 967 tractandi
943 904 1062 973 tatione

120 1039 181 1084 nec
214 1014 457 1084 Aristoteles
491 1015 608 1083 alienus
631 1016 716 1097 fuit,
751 1016 808 1106 qui
834 1017 868 1081 in
890 1016 1067 1089 Rhetoricis

119 1143 324 1230 qnoquesnis
346 1150 396 1213 τῆς
421 1139 572 1231 ῥητορικῆς
598 1143 650 1211 τὴν
677 1138 828 1211 πολιτικὴν
854 1156 978 1233 partem
1003 1164 1066 1207 esse

118 1258 245 1326 censuit
266 1257 338 1347 (2),
360 1258 394 1323 in
418 1256 480 1325 hoc
503 1282 599 1351 opere
620 1256 698 1325 adeo
721 1273 800 1349 quot
825 1274 857 1323 at
879 1257 984 1348 quales
1000 1259 1065 1325 sint

13 1387 14 1390 ’
116 1396 225 1438 reram
264 1372 464 1466 publicarum
501 1373 620 1440 formae
657 1375 796 1440 breviter
826 1375 972 1466 exposuit
1003 1372 1063 1462 (3).

117 1488 236 1556 Merito
254 1489 349 1576 igitur
370 1491 536 1572 Cicero,
561 1489 645 1556 libro
664 1507 778 1581 quarto
799 1488 840 1555 dc
857 1492 987 1559 Finibus
1000 1490 1062 1577 (lt),

115 1591 338 1695 Peripateticos
357 1603 485 1670 induxit
508 1607 551 1669 ita
577 1604 762 1695 loquentes:
802 1654 824 1687 ,,
837 1606 995 1673 Omnium
1004 1626 1060 1671 re-

113 1743 187 1786 rum
210 1720 411 1808 publicarum
434 1721 610 1799 rectiones,
634 1744 769 1805 genera,
800 1736 916 1799 status,
949 1738 1056 1788 muta·

114 1839 237 1917 tiones,
260 1834 339 1921 leges
363 1837 456 1900 etiam
477 1851 510 1899 et
536 1836 679 1899 instituta
712 1860 747 1899 ac
771 1858 872 1900 mores
898 1837 1058 1902 civitatum

112 1952 365 2043 perscripsimus.
433 1950 639 2039 Eloquentiae
672 1974 766 2031 vero,
799 1974 878 2040 quae
910 1968 941 2017 et
961 1952 1057 2040 puin-

112 2068 239 2157 eipibus
270 2068 405 2131 maximo
436 2080 624 2131 ornamento
645 2080 712 2144 est,
740 2081 772 2130 et
797 2091 859 2155 qua
881 2081 911 2129 tc
929 2064 1055 2133 audivi-

51 2191 54 2193 ’
111 2206 183 2247 mus
206 2180 305 2247 valere
328 2179 519 2271 plurimum,
544 2195 701 2269 qnantum
727 2172 784 2275 tibi
809 2204 1053 2275 ermonumcn-

111 2299 151 2363 tis
175 2299 289 2364 nostris
304 2294 496 2377 addidisses''
511 2304 520 2363 t
1011 2372 1014 2379 ¹

155 2412 324 2494 Cicero,
349 2414 426 2503 qui,
449 2427 487 2477 ut
509 2412 654 2505 pluribus
676 2413 751 2481 locis
772 2414 959 2501 significavit
981 2416 1050 2507 (5),

110 2529 156 2596 sci
178 2528 322 2622 publicae
342 2553 432 2596 causa
457 2528 690 2620 philosophiam
709 2530 927 2623 explicandam
949 2551 1049 2625 puta-

110 2644 176 2726 vit,
200 2647 257 2736 qni
281 2646 442 2711 civitatum
465 2650 689 2731 gubernatores
716 2672 782 2713 non
797 2663 920 2713 tantum
933 2648 1045 2739 philo-

109 2762 241 2853 sophia,
276 2786 385 2827 verum
417 2764 551 2827 maxime
595 2761 838 2850 praeclarissimo
878 2764 1045 2855 Sapientiae
1113 2828 1116 2832 .

108 2900 238 2943 munere
275 2876 474 2943 instruendos
502 2900 565 2941 esse
600 2877 709 2943 docuit
742 2875 814 2965 (6),
848 2878 1043 2970 philosophis

87 2984 94 3016 ι
140 3017 144 3024 .

147 3132 187 3206 (i)
209 3130 288 3190 Orat.
312 3152 339 3191 e.
369 3134 420 3193 41.
446 3133 486 3209 (2)
506 3132 589 3191 Rhet.
618 3132 640 3206 Ι,
666 3131 697 3204 i,
722 3149 750 3207 p.
766 3130 854 3195 1559,
870 3132 900 3190 b.
917 3132 936 3191 9
951 3150 1038 3212 sqq.:

98 3240 207 3307 .Ἀληθές
224 3245 280 3309 iem
295 3286 303 3312 ,
324 3245 365 3302 tn
381 3251 397 3309 ἡ
410 3248 532 3323 ῥητορικὴ
544 3250 678 3320 σύγκειται
689 3244 735 3320 pit
747 3242 776 3301 ia
787 3264 814 3299 tt
826 3251 873 3309 τῆς
884 3244 1041 3315 ἀναλυτικῆς

98 3352 232 3425 ἑπιςὴμκς
252 3352 296 3405 καὶ
318 3356 436 3428 sacrepi
455 3354 490 3409 τὰ
508 3353 554 3415 ἤθη
575 3354 720 3417 πολιτικῆς.
744 3347 845 3409 Contra
871 3348 948 3409 Nic.
977 3351 1001 3427 J,
1023 3354 1063 3414 1.

75 3447 79 3453 ’
101 3461 149 3517 τὴν
170 3456 351 3537 ῥητορικὴκτῇ
364 3459 484 3537 πολιτικῇ
494 3456 621 3534 subjeoi13
637 3458 811 3517 statuendum
825 3477 892 3519 vero
902 3467 949 3529 τὴν
960 3465 1039 3541 ρητο·

98 3565 174 3637 pastro
195 3558 249 3619 hoe
272 3560 335 3617 ioco
363 3573 491 3638 unquam
515 3578 603 3623 artem
628 3566 764 3643 quandam
792 3569 984 3646 propositam,
1009 3570 1039 3630 in
1083 3648 1085 3653 Ι

99 3666 254 3727 Rhetoricis
292 3682 387 3733 eontra
410 3671 438 3729 in
463 3690 564 3749 genere
592 3688 709 3733 sumtum
732 3674 827 3733 fuisse.
873 3678 912 3752 (5)
950 3677 1033 3738 Rhet.

97 3774 121 3848 l,
143 3776 175 3834 8.
215 3776 261 3840 Cf.
284 3777 368 3838 Rhet.
398 3780 434 3837 ad
462 3781 564 3840 Alex.
595 3798 622 3839 c.
648 3784 674 3839 i.
719 3783 758 3857 (4)
781 3800 808 3841 c.
842 3782 893 3841 Ἡ.
937 3786 976 3862 (5)
998 3786 1035 3845 dc

97 3885 131 3945 N.
156 3886 192 3944 lt.
236 3888 260 3961 1,
304 3891 334 3954 t,
370 3889 405 3947 de
448 3887 504 3948 Oii.
530 3890 554 3965 1,
585 3893 612 3965 i,
637 3892 671 3958 ΙΙ,
704 3893 730 3949 i.
776 3891 816 3968 (6)
838 3892 874 3953 dc
902 3893 974 3975 hep.
1007 3897 1030 3969 Ι,

92 3995 125 4071 ,6,
173 3997 222 4073 ta,
265 3999 317 4073 20,
357 4000 392 4066 tl,
431 4000 478 4066 12,
499 4000 551 4076 λδ,
581 4002 633 4076 29,
660 4003 707 4067 ΙΙΙ,
738 4002 768 4079 5,
799 4003 847 4080 tt,
872 4006 924 4080 ii,
945 4008 1030 4067 tuse.

95 4103 130 4178 V,
170 4104 221 4182 25,
252 4107 288 4166 de
317 4106 372 4166 Off.
405 4110 439 4185 ΙΙ,
465 4108 496 4185 2,
522 4110 614 4169 Lael.
645 4129 674 4197 e.
706 4112 736 4169 5.
780 4112 845 4199 Non
865 4112 937 4173 enim
960 4114 1031 4175 hane

701 4250 705 4256 ’
898 4224 919 4287 9
