2817 5009
556 426 616 493 105

112 627 166 671 oe
198 602 378 673 Stoicorum
411 606 599 673 orontium
607 602 814 680 tetendisti?
828 642 873 659 -
895 654 923 693 ‚,
937 610 1060 677 Dicen-

110 714 198 785 dum
232 734 280 785 est
301 717 381 786 mihi
402 719 499 807 igitur
518 716 561 785 ed
582 742 640 805 ee,
663 737 840 811 quaesunt
861 748 879 789 a
900 738 931 791 te
952 722 1060 831 dicte,

110 828 263 917 sed-its,
298 830 382 899 nihil
403 849 441 899 ut
465 832 640 915 affirmem,
673 858 823 923 quaeram
844 839 972 921 omnia,
994 836 1064 903 du·

111 946 222 1013 bituris
245 945 460 1038 plerumque,
482 963 514 1014 et
535 946 616 1015 mihi
634 948 702 1038 ipse
724 946 908 1016 diffidens?
950 958 953 965 ’

161 1062 202 1127 Iu
232 1060 418 1129 Tusculanis
445 1062 692 1151 Quaestiouibus
718 1086 785 1130 non
809 1064 845 1129 in
865 1062 993 1149 singulis
1018 1064 1062 1131 li-

110 1176 207 1258 bris,
229 1176 319 1242 utin
345 1177 452 1244 ceteris
471 1175 620 1265 dialogis,
645 1202 727 1245 nove
743 1175 1064 1267 induciampersons,

111 1314 203 1382 quse
225 1314 315 1359 suum
338 1308 456 1361 sectam
474 1295 563 1382 quasi
580 1294 815 1382 patrocinetur3
841 1292 882 1359 de
891 1316 1064 1383 argumen-

114 1418 167 1475 to·
194 1421 300 1473 tomen
331 1408 496 1499 proposito
532 1409 615 1475 vatia
644 1406 910 1500 philosophorum
950 1408 1065 1502 placite

115 1521 317 1608 afferuntur,
347 1540 381 1591 et
410 1546 492 1613 quoe
516 1548 587 1612 pro,
612 1540 645 1590 et
669 1546 751 1613 quse
772 1538 881 1593 contro
904 1548 1065 1615 quemque

115 1641 307 1707 sententium
338 1641 403 1705 sint
425 1637 584 1721 dicendo,
605 1656 695 1707 acute
720 1638 949 1727 dijudicentur.
994 1644 1063 1717 De-

118 1755 333 1849 prehenditur
366 1759 463 1842 igitur
500 1759 535 1821 in
563 1758 600 1823 iis
630 1780 728 1845 quom
755 1761 889 1825 maxime
906 1759 1062 1827 Aristo-

122 1871 216 1941 telis
246 1868 408 1961 probandi
439 1866 640 1954 methodus,
680 1872 716 1936 in
747 1886 914 1961 utrumque
942 1888 1065 1965 partem

54 2038 58 2041 -
121 1984 312 2080 disputandi
340 1987 442 2055 ratioz
489 2034 513 2069 ‚‚
528 1986 640 2076 Itaque
665 1985 746 2053 mihi
767 2008 892 2078 semper
901 1988 936 2072 ,’'
964 1990 1065 2061 utsit

122 2070 268 2172 Ciceio
292 2100 360 2191 (l),
388 2101 695 2191 „Peripateticorum
720 2098 1063 2191 Academiaequeccn-

121 2219 280 2302 suetudo,
312 2218 354 2285 de
386 2218 533 2285 omnibus
563 2218 657 2285 rebus
690 2218 725 2283 iu
760 2220 929 2285 contrarios
961 2235 1065 2310 portes

121 2336 317 2421 disserendi,
351 2360 417 2404 non
448 2338 491 2402 ob
521 2359 592 2401 eum
626 2358 750 2401 causum
783 2332 883 2401 solum
926 2333 1063 2425 placuit,

123 2454 213 2545 quod
235 2452 323 2521 aliter
346 2475 414 2520 nou
433 2467 556 2540 posset,
582 2447 663 2539 quid
684 2452 719 2517 in
745 2474 872 2543 quoque
890 2474 925 2517 re
938 2452 1061 2521 verisi-

123 2571 197 2639 mile
217 2584 316 2655 esset,
337 2569 497 2651 inveniri3
522 2565 577 2634 sed
601 2569 695 2634 etium
709 2564 806 2657 ¹quod
820 2582 899 2633 esset
916 2568 1064 2635 mmort-

124 2714 178 2757 ma
221 2683 349 2755 dicendi
379 2685 582 2770 exercitati03
630 2708 694 2773 qua
728 2684 878 2774 princeps
911 2704 985 2748 mus
1018 2696 1065 2750 est

125 2804 388 2889 Aristoteles,
430 2801 549 2869 deinde
591 2827 665 2869 eum
701 2802 760 2892 qui
809 2803 916 2871 secuti,
952 2803 1064 2869 sunt.''
1115 2870 1118 2877 ,

46 2956 52 2971 ’
126 2925 275 2991 Cicero
311 2922 377 3011 ipse
409 2922 445 2985 iu
478 2919 527 2984 his
558 2917 646 2984 libris
680 2918 864 3008 primariam
897 2911 1064 3007 personam

125 3053 237 3106 tuetur
249 3066 261 3121 ;
286 3057 457 3125 quaerero
477 3030 573 3099 altero
594 3051 746 3127 perscire,
768 3029 975 3097 siveAttici
997 3026 1061 3119 (2),

125 3157 190 3224 sive
211 3152 397 3233 Auditorm
418 3152 482 3218 sire
494 3148 734 3231 Adolescentts,
757 3143 906 3212 rivoaltus
918 3146 1064 3228 nomine,

126 3270 289 3363 disputat,
322 3265 419 3352 magis
443 3279 480 3329 ut
507 3261 622 3349 dialogi
642 3260 759 3327 formae
784 3258 942 3343 consulat,
969 3283 1067 3348 quam

127 3403 164 3454 ut
192 3408 280 3451 scam
303 3380 491 3446 sententiam
510 3392 693 3469 proponat,
715 3373 889 3443 inducitur.
911 3372 1065 3451 Difficul-

128 3523 173 3571 tss
196 3517 303 3567 eutem
320 3497 355 3562 iu
375 3518 414 3561 eo
435 3494 568 3559 maxime
585 3491 681 3557 latere
704 3489 785 3558 mihi
806 3487 951 3573 videtur,
977 3488 1067 3579 quod

127 3623 162 3685 in
196 3616 246 3681 his
277 3610 511 3701 questionibus
541 3607 641 3675 mixto
661 3603 801 3695 quodam
830 3605 975 3672 Cicero
996 3628 1068 3671 mus

119 3734 167 3799 'sit
185 3728 379 3815 dialogorum
408 3746 545 3810 gencre3
583 3718 695 3809 quod,
715 3732 752 3785 ut
773 3716 856 3783 infru
879 3715 1068 3801 ostendam,

127 3904 363 3926 m

169 3984 208 4059 (l)
232 3983 267 4059 ΙΙ,
298 3981 330 4038 2.
378 3979 418 4055 (2)
440 3976 485 4036 ct.
509 3976 685 4049 Moscius,
710 3970 781 4031 adl.
813 3970 836 4046 l,
860 3990 886 4030 c.
916 3970 948 4029 5.
