<?xml version="1.0" encoding="UTF-8"?>
<!DOCTYPE html PUBLIC "-//W3C//DTD XHTML 1.0 Transitional//EN"
    "http://www.w3.org/TR/xhtml1/DTD/xhtml1-transitional.dtd">
<html xmlns="http://www.w3.org/1999/xhtml" xml:lang="en" lang="en">
 <head>
  <title>
</title>
<meta http-equiv="Content-Type" content="text/html;charset=utf-8" />
  <meta name='ocr-system' content='tesseract 3.04.00' />
  <meta name='ocr-capabilities' content='ocr_page ocr_carea ocr_par ocr_line ocrx_word'/>
</head>
<body>
  <div class='ocr_page' id='page_1' title='image "./disquisitiocrit02baumgoog_0133.png"; bbox 0 0 2817 5009; ppageno 0'>
   <div class='ocr_carea' id='block_1_1' title="bbox 549 440 608 506">
    <p class='ocr_par' dir='ltr' id='par_1_1' title="bbox 549 440 608 506">
     <span class='ocr_line' id='line_1_1' title="bbox 549 440 608 506; baseline 0.034 -2"><span class='ocrx_word' id='word_1_1' title='bbox 549 440 608 506; x_wconf 92' lang='grc' dir='ltr'><strong>ΙΙΙ</strong></span> 
     </span>
    </p>
   </div>
   <div class='ocr_carea' id='block_1_2' title="bbox 22 564 1062 2377">
    <p class='ocr_par' dir='ltr' id='par_1_2' title="bbox 22 564 23 598">
     <span class='ocr_line' id='line_1_2' title="bbox 22 564 23 598; baseline 0 0"><span class='ocrx_word' id='word_1_2' title='bbox 22 564 23 598; x_wconf 82' lang='grc' dir='ltr'>Ι</span> 
     </span>
    </p>

    <p class='ocr_par' dir='ltr' id='par_1_3' title="bbox 22 605 1062 2377">
     <span class='ocr_line' id='line_1_3' title="bbox 105 624 1052 725; baseline 0.005 -32.597"><span class='ocrx_word' id='word_1_3' title='bbox 105 632 185 699; x_wconf 76' lang='lat' dir='ltr'><strong>hano</strong></span> <span class='ocrx_word' id='word_1_4' title='bbox 215 632 322 699; x_wconf 74' lang='lat' dir='ltr'><strong>verbe</strong></span> <span class='ocrx_word' id='word_1_5' title='bbox 354 627 597 698; x_wconf 82' lang='lat' dir='ltr'><strong>Aristotelis</strong></span> <span class='ocrx_word' id='word_1_6' title='bbox 636 624 703 716; x_wconf 81' lang='lat' dir='ltr'><strong>(l)=</strong></span> <span class='ocrx_word' id='word_1_7' title='bbox 771 628 809 695; x_wconf 78' lang='lat' dir='ltr'><strong>tel</strong></span> <span class='ocrx_word' id='word_1_8' title='bbox 850 624 886 725; x_wconf 71' lang='lat' dir='ltr'><strong>di</strong></span> <span class='ocrx_word' id='word_1_9' title='bbox 926 629 1052 721; x_wconf 75' lang='grc' dir='ltr'><strong><em>ὀνόματα</em></strong></span> 
     </span>
     <span class='ocr_line' id='line_1_4' title="bbox 105 751 1053 845; baseline 0.001 -25"><span class='ocrx_word' id='word_1_10' title='bbox 105 756 239 843; x_wconf 65' lang='lat' dir='ltr'><strong>murthae</strong></span> <span class='ocrx_word' id='word_1_11' title='bbox 266 779 323 839; x_wconf 81' lang='grc' dir='ltr'><strong>τι,</strong></span> <span class='ocrx_word' id='word_1_12' title='bbox 350 758 411 828; x_wconf 66' lang='lat' dir='ltr'><strong>‹he-e</strong></span> <span class='ocrx_word' id='word_1_13' title='bbox 436 758 491 819; x_wconf 83' lang='grc' dir='ltr'><strong><em>ὅσοι</em></strong></span> <span class='ocrx_word' id='word_1_14' title='bbox 516 756 574 818; x_wconf 89' lang='grc' dir='ltr'><strong>τῶν</strong></span> <span class='ocrx_word' id='word_1_15' title='bbox 598 751 748 840; x_wconf 74' lang='grc' dir='ltr'><strong>ὀνομάτων</strong></span> <span class='ocrx_word' id='word_1_16' title='bbox 774 755 854 820; x_wconf 83' lang='grc' dir='ltr'><strong><em>ποιεῖ</em></strong></span> <span class='ocrx_word' id='word_1_17' title='bbox 874 756 946 842; x_wconf 72' lang='grc' dir='ltr'><strong><em>ἡμῖν</em></strong></span> <span class='ocrx_word' id='word_1_18' title='bbox 985 762 1053 845; x_wconf 77' lang='grc' dir='ltr'><strong><em>μοί-</em></strong></span> 
     </span>
     <span class='ocr_line' id='line_1_5' title="bbox 104 866 1048 965; baseline 0.001 -21"><span class='ocrx_word' id='word_1_19' title='bbox 104 879 215 965; x_wconf 68' lang='grc' dir='ltr'><strong><em>θησιν,</em></strong></span> <span class='ocrx_word' id='word_1_20' title='bbox 257 874 363 952; x_wconf 68' lang='lat' dir='ltr'><strong>aidica.</strong></span> <span class='ocrx_word' id='word_1_21' title='bbox 405 877 440 959; x_wconf 80' lang='lat' dir='ltr'><strong>ai</strong></span> <span class='ocrx_word' id='word_1_22' title='bbox 462 875 514 965; x_wconf 83' lang='grc' dir='ltr'><strong>μὲν</strong></span> <span class='ocrx_word' id='word_1_23' title='bbox 540 866 589 942; x_wconf 78' lang='grc' dir='ltr'><strong>οὖν</strong></span> <span class='ocrx_word' id='word_1_24' title='bbox 615 874 744 964; x_wconf 70' lang='grc' dir='ltr'><strong><em>γλῶτται</em></strong></span> <span class='ocrx_word' id='word_1_25' title='bbox 771 876 923 963; x_wconf 73' lang='grc' dir='ltr'><strong><em>ἀγνῶτες,</em></strong></span> <span class='ocrx_word' id='word_1_26' title='bbox 949 880 987 944; x_wconf 78' lang='grc' dir='ltr'><strong>τὰ</strong></span> <span class='ocrx_word' id='word_1_27' title='bbox 1013 876 1048 946; x_wconf 76' lang='grc' dir='ltr'><strong>δὲ</strong></span> 
     </span>
     <span class='ocr_line' id='line_1_6' title="bbox 105 994 1054 1092; baseline -0.003 -26"><span class='ocrx_word' id='word_1_28' title='bbox 105 1002 196 1092; x_wconf 82' lang='grc' dir='ltr'><strong><em>κύρια</em></strong></span> <span class='ocrx_word' id='word_1_29' title='bbox 226 999 321 1088; x_wconf 79' lang='grc' dir='ltr'><strong><em>ἴσμεν.</em></strong></span> <span class='ocrx_word' id='word_1_30' title='bbox 363 1000 381 1070; x_wconf 79' lang='grc' dir='ltr'><em>ἡ</em></span> <span class='ocrx_word' id='word_1_31' title='bbox 408 995 443 1064; x_wconf 74' lang='grc' dir='ltr'><strong>δὲ</strong></span> <span class='ocrx_word' id='word_1_32' title='bbox 472 998 622 1089; x_wconf 69' lang='grc' dir='ltr'><strong><em>μεταφορὰ</em></strong></span> <span class='ocrx_word' id='word_1_33' title='bbox 648 1000 729 1065; x_wconf 86' lang='grc' dir='ltr'><strong><em>ποιεῖ</em></strong></span> <span class='ocrx_word' id='word_1_34' title='bbox 750 1002 830 1065; x_wconf 81' lang='grc' dir='ltr'><strong><em>τοῦτο</em></strong></span> <span class='ocrx_word' id='word_1_35' title='bbox 856 994 996 1087; x_wconf 59' lang='lat' dir='ltr'><strong>parasitica.⁸</strong></span> <span class='ocrx_word' id='word_1_36' title='bbox 1011 1040 1054 1056; x_wconf 87' lang='lat'><strong>--</strong></span> 
     </span>
     <span class='ocr_line' id='line_1_7' title="bbox 108 1112 1054 1215; baseline -0.014 -23"><span class='ocrx_word' id='word_1_37' title='bbox 108 1129 173 1194; x_wconf 81' lang='grc' dir='ltr'><strong>Δεῖ</strong></span> <span class='ocrx_word' id='word_1_38' title='bbox 195 1130 257 1215; x_wconf 79' lang='grc' dir='ltr'><strong>ἄρα</strong></span> <span class='ocrx_word' id='word_1_39' title='bbox 280 1124 386 1190; x_wconf 80' lang='grc' dir='ltr'><strong><em>τούτων</em></strong></span> <span class='ocrx_word' id='word_1_40' title='bbox 410 1125 583 1211; x_wconf 65' lang='grc' dir='ltr'><strong>ςοχάζεὲαι</strong></span> <span class='ocrx_word' id='word_1_41' title='bbox 599 1128 702 1215; x_wconf 79' lang='grc' dir='ltr'><strong><em>τριῶν,</em></strong></span> <span class='ocrx_word' id='word_1_42' title='bbox 729 1112 909 1215; x_wconf 50' lang='grc' dir='ltr'><strong><em>μεταφορᾶςζ</em></strong></span> <span class='ocrx_word' id='word_1_43' title='bbox 935 1124 1054 1193; x_wconf 72' lang='grc' dir='ltr'><strong><em>ἀντιθέ.</em></strong></span> 
     </span>
     <span class='ocr_line' id='line_1_8' title="bbox 104 1238 1055 1339; baseline 0.001 -24"><span class='ocrx_word' id='word_1_44' title='bbox 104 1274 183 1323; x_wconf 83' lang='grc' dir='ltr'><em>σεως</em></span> <span class='ocrx_word' id='word_1_45' title='bbox 195 1300 208 1335; x_wconf 84' lang='grc'>,</span> <span class='ocrx_word' id='word_1_46' title='bbox 248 1248 395 1339; x_wconf 75' lang='grc' dir='ltr'><strong><em>ἐνεργείας,</em></strong></span> <span class='ocrx_word' id='word_1_47' title='bbox 439 1238 497 1314; x_wconf 85' lang='grc' dir='ltr'><strong>τῶν</strong></span> <span class='ocrx_word' id='word_1_48' title='bbox 539 1244 574 1313; x_wconf 79' lang='grc' dir='ltr'><strong>δὲ</strong></span> <span class='ocrx_word' id='word_1_49' title='bbox 599 1252 767 1339; x_wconf 75' lang='grc' dir='ltr'><strong><em>μεταφορῶν</em></strong></span> <span class='ocrx_word' id='word_1_50' title='bbox 792 1253 937 1339; x_wconf 75' lang='grc' dir='ltr'><strong><em>τεττάρων</em></strong></span> <span class='ocrx_word' id='word_1_51' title='bbox 962 1249 1055 1317; x_wconf 81' lang='grc' dir='ltr'><strong><em>οὐσῶν</em></strong></span> 
     </span>
     <span class='ocr_line' id='line_1_9' title="bbox 107 1365 1053 1463; baseline 0.002 -22"><span class='ocrx_word' id='word_1_52' title='bbox 107 1370 293 1462; x_wconf 71' lang='grc' dir='ltr'><strong><em>εὒῶοκιμοῦστ</em></strong></span> <span class='ocrx_word' id='word_1_53' title='bbox 319 1372 436 1463; x_wconf 57' lang='lat' dir='ltr'><strong>nahae-at</strong></span> <span class='ocrx_word' id='word_1_54' title='bbox 461 1374 493 1437; x_wconf 84' lang='grc' dir='ltr'><strong>αἱ</strong></span> <span class='ocrx_word' id='word_1_55' title='bbox 521 1365 755 1463; x_wconf 76' lang='grc' dir='ltr'><strong><em>κατ’ἀνοιλογῶιν.</em></strong></span> <span class='ocrx_word' id='word_1_56' title='bbox 806 1372 950 1461; x_wconf 80' lang='lat' dir='ltr'><strong>Singulas</strong></span> <span class='ocrx_word' id='word_1_57' title='bbox 980 1397 1053 1443; x_wconf 75' lang='lat' dir='ltr'><strong>retu</strong></span> 
     </span>
     <span class='ocr_line' id='line_1_10' title="bbox 108 1486 1062 1580; baseline 0.002 -27"><span class='ocrx_word' id='word_1_58' title='bbox 108 1487 318 1556; x_wconf 74' lang='lat' dir='ltr'><strong>translationis</strong></span> <span class='ocrx_word' id='word_1_59' title='bbox 351 1488 469 1580; x_wconf 84' lang='lat' dir='ltr'><strong>species</strong></span> <span class='ocrx_word' id='word_1_60' title='bbox 507 1504 540 1555; x_wconf 87' lang='lat' dir='ltr'><strong>et</strong></span> <span class='ocrx_word' id='word_1_61' title='bbox 562 1486 834 1579; x_wconf 79' lang='lat' dir='ltr'><strong>quemadmodum</strong></span> <span class='ocrx_word' id='word_1_62' title='bbox 856 1488 1062 1579; x_wconf 88' lang='lat' dir='ltr'><strong>potissimum.</strong></span> 
     </span>
     <span class='ocr_line' id='line_1_11' title="bbox 108 1603 1052 1697; baseline -0.005 -23"><span class='ocrx_word' id='word_1_63' title='bbox 108 1606 253 1689; x_wconf 83' lang='lat' dir='ltr'><strong>valeant,</strong></span> <span class='ocrx_word' id='word_1_64' title='bbox 276 1631 351 1674; x_wconf 86' lang='lat' dir='ltr'><strong>oum</strong></span> <span class='ocrx_word' id='word_1_65' title='bbox 374 1608 409 1671; x_wconf 89' lang='lat' dir='ltr'><strong>in</strong></span> <span class='ocrx_word' id='word_1_66' title='bbox 433 1606 543 1697; x_wconf 64' lang='lat' dir='ltr'><strong>poesi,</strong></span> <span class='ocrx_word' id='word_1_67' title='bbox 567 1622 636 1670; x_wconf 91' lang='lat' dir='ltr'><strong>tum</strong></span> <span class='ocrx_word' id='word_1_68' title='bbox 659 1603 928 1686; x_wconf 76' lang='lat' dir='ltr'><strong>morationibus,</strong></span> <span class='ocrx_word' id='word_1_69' title='bbox 962 1603 1052 1671; x_wconf 77' lang='lat' dir='ltr'><strong>Ari-</strong></span> 
     </span>
     <span class='ocr_line' id='line_1_12' title="bbox 109 1715 1053 1811; baseline -0.004 -24"><span class='ocrx_word' id='word_1_70' title='bbox 109 1721 299 1802; x_wconf 88' lang='lat' dir='ltr'><strong>stoteles,</strong></span> <span class='ocrx_word' id='word_1_71' title='bbox 322 1736 360 1783; x_wconf 90' lang='lat' dir='ltr'><strong>ut</strong></span> <span class='ocrx_word' id='word_1_72' title='bbox 388 1721 455 1811; x_wconf 85' lang='lat' dir='ltr'><strong>ipse</strong></span> <span class='ocrx_word' id='word_1_73' title='bbox 476 1717 614 1785; x_wconf 80' lang='lat' dir='ltr'><strong>declarat</strong></span> <span class='ocrx_word' id='word_1_74' title='bbox 633 1715 707 1803; x_wconf 73' lang='lat'>(2),</span> <span class='ocrx_word' id='word_1_75' title='bbox 730 1718 774 1811; x_wconf 51' lang='lat' dir='ltr'><strong>xin</strong></span> <span class='ocrx_word' id='word_1_76' title='bbox 790 1717 927 1782; x_wconf 80' lang='lat' dir='ltr'><strong>Poe&#39;tieis</strong></span> <span class='ocrx_word' id='word_1_77' title='bbox 944 1716 1053 1800; x_wconf 84' lang='lat' dir='ltr'><strong>libris,</strong></span> 
     </span>
     <span class='ocr_line' id='line_1_13' title="bbox 110 1829 1056 1924; baseline -0.002 -23"><span class='ocrx_word' id='word_1_78' title='bbox 110 1834 212 1903; x_wconf 92' lang='lat' dir='ltr'><strong>hodie</strong></span> <span class='ocrx_word' id='word_1_79' title='bbox 245 1830 439 1924; x_wconf 78' lang='lat' dir='ltr'><strong>deperditis,</strong></span> <span class='ocrx_word' id='word_1_80' title='bbox 480 1830 641 1899; x_wconf 85' lang='lat' dir='ltr'><strong>enucleate</strong></span> <span class='ocrx_word' id='word_1_81' title='bbox 671 1829 829 1921; x_wconf 79' lang='lat' dir='ltr'><strong>exposuit.</strong></span> <span class='ocrx_word' id='word_1_82' title='bbox 892 1829 1056 1917; x_wconf 82' lang='lat' dir='ltr'><strong>Quorsum</strong></span> 
     </span>
     <span class='ocr_line' id='line_1_14' title="bbox 111 1943 1056 2041; baseline -0.003 -24"><span class='ocrx_word' id='word_1_83' title='bbox 111 1968 146 2017; x_wconf 88' lang='lat' dir='ltr'><strong>et</strong></span> <span class='ocrx_word' id='word_1_84' title='bbox 178 1974 213 2015; x_wconf 90' lang='lat' dir='ltr'><strong>ea</strong></span> <span class='ocrx_word' id='word_1_85' title='bbox 246 1960 412 2041; x_wconf 83' lang='lat' dir='ltr'><strong>spectant,</strong></span> <span class='ocrx_word' id='word_1_86' title='bbox 456 1967 537 2037; x_wconf 86' lang='lat' dir='ltr'><strong>quae</strong></span> <span class='ocrx_word' id='word_1_87' title='bbox 569 1944 730 2011; x_wconf 83' lang='lat' dir='ltr'><strong>Cicero</strong></span> <span class='ocrx_word' id='word_1_88' title='bbox 769 1943 803 2008; x_wconf 89' lang='lat' dir='ltr'><strong>in</strong></span> <span class='ocrx_word' id='word_1_89' title='bbox 837 1946 972 2010; x_wconf 79' lang='lat' dir='ltr'><strong>Oratore</strong></span> <span class='ocrx_word' id='word_1_90' title='bbox 1006 1945 1056 2032; x_wconf 82' lang='lat'><strong>(3)</strong></span> 
     </span>
     <span class='ocr_line' id='line_1_15' title="bbox 114 2054 1058 2142; baseline -0.005 -10"><span class='ocrx_word' id='word_1_91' title='bbox 114 2060 271 2133; x_wconf 72' lang='lat' dir='ltr'><strong>tradidita</strong></span> <span class='ocrx_word' id='word_1_92' title='bbox 305 2109 328 2142; x_wconf 87' lang='lat'>„</span> <span class='ocrx_word' id='word_1_93' title='bbox 341 2060 371 2127; x_wconf 85' lang='lat' dir='ltr'>A</span> <span class='ocrx_word' id='word_1_94' title='bbox 382 2054 622 2125; x_wconf 87' lang='lat' dir='ltr'><strong>ristoteles</strong></span> <span class='ocrx_word' id='word_1_95' title='bbox 638 2070 746 2122; x_wconf 86' lang='lat' dir='ltr'><strong>autem</strong></span> <span class='ocrx_word' id='word_1_96' title='bbox 767 2054 959 2125; x_wconf 88' lang='lat' dir='ltr'><strong>translationi</strong></span> <span class='ocrx_word' id='word_1_97' title='bbox 981 2056 1058 2127; x_wconf 82' lang='lat' dir='ltr'><strong>haee</strong></span> 
     </span>
     <span class='ocr_line' id='line_1_16' title="bbox 114 2170 1056 2269; baseline -0.004 -25"><span class='ocrx_word' id='word_1_98' title='bbox 114 2181 185 2269; x_wconf 84' lang='lat' dir='ltr'><strong>ipsa</strong></span> <span class='ocrx_word' id='word_1_99' title='bbox 210 2176 363 2261; x_wconf 85' lang='lat' dir='ltr'><strong>(mutata,</strong></span> <span class='ocrx_word' id='word_1_100' title='bbox 388 2197 485 2263; x_wconf 92' lang='lat' dir='ltr'><strong>quam</strong></span> <span class='ocrx_word' id='word_1_101' title='bbox 507 2170 693 2264; x_wconf 76' lang='lat' dir='ltr'><strong>hypallagen</strong></span> <span class='ocrx_word' id='word_1_102' title='bbox 723 2170 888 2258; x_wconf 82' lang='lat' dir='ltr'><strong>rhetores,</strong></span> <span class='ocrx_word' id='word_1_103' title='bbox 909 2190 1056 2267; x_wconf 80' lang='lat' dir='ltr'><strong>metony-</strong></span> 
     </span>
     <span class='ocr_line' id='line_1_17' title="bbox 113 2288 1057 2377; baseline -0.004 -17"><span class='ocrx_word' id='word_1_104' title='bbox 113 2293 214 2360; x_wconf 88' lang='lat' dir='ltr'><strong>miam</strong></span> <span class='ocrx_word' id='word_1_105' title='bbox 244 2289 452 2359; x_wconf 88' lang='lat' dir='ltr'><strong>Grammatioi</strong></span> <span class='ocrx_word' id='word_1_106' title='bbox 486 2288 635 2375; x_wconf 82' lang='lat' dir='ltr'><strong>vocant),</strong></span> <span class='ocrx_word' id='word_1_107' title='bbox 667 2288 854 2377; x_wconf 81' lang='lat' dir='ltr'><strong>subjungit,</strong></span> <span class='ocrx_word' id='word_1_108' title='bbox 877 2304 909 2355; x_wconf 89' lang='lat' dir='ltr'><strong>et</strong></span> <span class='ocrx_word' id='word_1_109' title='bbox 926 2290 1057 2357; x_wconf 86' lang='lat' dir='ltr'><strong>abusio-</strong></span> 
     </span>
    </p>
   </div>
   <div class='ocr_carea' id='block_1_3' title="bbox 115 2415 1056 2511">
    <p class='ocr_par' dir='ltr' id='par_1_4' title="bbox 115 2415 1056 2511">
     <span class='ocr_line' id='line_1_18' title="bbox 115 2415 1056 2511; baseline 0.015 -36"><span class='ocrx_word' id='word_1_110' title='bbox 115 2433 216 2492; x_wconf 75' lang='grc' dir='ltr'><strong>ηοω,</strong></span> <span class='ocrx_word' id='word_1_111' title='bbox 253 2433 350 2496; x_wconf 88' lang='lat' dir='ltr'><strong>quam</strong></span> <span class='ocrx_word' id='word_1_112' title='bbox 387 2415 573 2504; x_wconf 75' lang='grc' dir='ltr'><strong><em>κατάχρησιν</em></strong></span> <span class='ocrx_word' id='word_1_113' title='bbox 605 2430 798 2484; x_wconf 78' lang='lat' dir='ltr'><strong>vocant-</strong></span> <span class='ocrx_word' id='word_1_114' title='bbox 848 2418 920 2486; x_wconf 83' lang='lat' dir='ltr'><strong>Jam</strong></span> <span class='ocrx_word' id='word_1_115' title='bbox 952 2445 1056 2511; x_wconf 82' lang='lat' dir='ltr'><strong>quum</strong></span> 
     </span>
    </p>
   </div>
   <div class='ocr_carea' id='block_1_4' title="bbox 116 2525 1058 2951">
    <p class='ocr_par' dir='ltr' id='par_1_5' title="bbox 116 2525 1058 2951">
     <span class='ocr_line' id='line_1_19' title="bbox 116 2525 1056 2627; baseline 0.013 -36"><span class='ocrx_word' id='word_1_116' title='bbox 116 2526 281 2619; x_wconf 79' lang='lat' dir='ltr'><strong>fluxerunt</strong></span> <span class='ocrx_word' id='word_1_117' title='bbox 299 2525 406 2617; x_wconf 88' lang='lat' dir='ltr'><strong>plures</strong></span> <span class='ocrx_word' id='word_1_118' title='bbox 428 2530 595 2596; x_wconf 81' lang='lat' dir='ltr'><strong>continnae</strong></span> <span class='ocrx_word' id='word_1_119' title='bbox 615 2531 851 2617; x_wconf 79' lang='lat' dir='ltr'><strong>translationes,</strong></span> <span class='ocrx_word' id='word_1_120' title='bbox 883 2534 942 2601; x_wconf 86' lang='lat' dir='ltr'><strong>alia</strong></span> <span class='ocrx_word' id='word_1_121' title='bbox 959 2536 1056 2627; x_wconf 87' lang='lat' dir='ltr'><strong>plane</strong></span> 
     </span>
     <span class='ocr_line' id='line_1_20' title="bbox 118 2640 1058 2743; baseline 0.012 -36"><span class='ocrx_word' id='word_1_122' title='bbox 118 2640 160 2707; x_wconf 90' lang='lat' dir='ltr'><strong>fit</strong></span> <span class='ocrx_word' id='word_1_123' title='bbox 194 2642 302 2709; x_wconf 83' lang='lat' dir='ltr'><strong>oratio</strong></span> <span class='ocrx_word' id='word_1_124' title='bbox 365 2645 477 2735; x_wconf 82' lang='lat' dir='ltr'><strong>Itaque</strong></span> <span class='ocrx_word' id='word_1_125' title='bbox 511 2670 609 2731; x_wconf 78' lang='lat' dir='ltr'><strong>genus</strong></span> <span class='ocrx_word' id='word_1_126' title='bbox 640 2647 703 2716; x_wconf 89' lang='lat' dir='ltr'><strong>hoo</strong></span> <span class='ocrx_word' id='word_1_127' title='bbox 738 2648 854 2717; x_wconf 87' lang='lat' dir='ltr'><strong>Graeci</strong></span> <span class='ocrx_word' id='word_1_128' title='bbox 896 2648 1058 2743; x_wconf 82' lang='lat' dir='ltr'><strong>appellant</strong></span> 
     </span>
     <span class='ocr_line' id='line_1_21' title="bbox 119 2764 1058 2863; baseline 0.009 -34"><span class='ocrx_word' id='word_1_129' title='bbox 119 2764 323 2855; x_wconf 77' lang='grc' dir='ltr'><strong><em>ἀλληγορίαν,</em></strong></span> <span class='ocrx_word' id='word_1_130' title='bbox 349 2769 478 2835; x_wconf 88' lang='lat' dir='ltr'><strong>nomine</strong></span> <span class='ocrx_word' id='word_1_131' title='bbox 502 2784 612 2851; x_wconf 86' lang='lat' dir='ltr'><strong>reete,</strong></span> <span class='ocrx_word' id='word_1_132' title='bbox 639 2792 753 2855; x_wconf 86' lang='lat' dir='ltr'><strong>genere</strong></span> <span class='ocrx_word' id='word_1_133' title='bbox 775 2767 884 2837; x_wconf 87' lang='lat' dir='ltr'><strong>melius</strong></span> <span class='ocrx_word' id='word_1_134' title='bbox 906 2768 977 2861; x_wconf 81' lang='lat' dir='ltr'><strong>ille,</strong></span> <span class='ocrx_word' id='word_1_135' title='bbox 999 2770 1058 2863; x_wconf 88' lang='lat' dir='ltr'><strong>qui</strong></span> 
     </span>
     <span class='ocr_line' id='line_1_22' title="bbox 119 2883 822 2951; baseline 0.009 -5"><span class='ocrx_word' id='word_1_136' title='bbox 119 2884 179 2947; x_wconf 87' lang='lat' dir='ltr'><strong>ista</strong></span> <span class='ocrx_word' id='word_1_137' title='bbox 200 2884 303 2951; x_wconf 90' lang='lat' dir='ltr'><strong>omnia</strong></span> <span class='ocrx_word' id='word_1_138' title='bbox 326 2883 542 2950; x_wconf 82' lang='lat' dir='ltr'><strong>translationes</strong></span> <span class='ocrx_word' id='word_1_139' title='bbox 565 2885 689 2950; x_wconf 83' lang='lat' dir='ltr'><strong>vocat.’&#39;</strong></span> <span class='ocrx_word' id='word_1_140' title='bbox 819 2928 822 2933; x_wconf 91' lang='lat'>-</span> 
     </span>
    </p>
   </div>
   <div class='ocr_carea' id='block_1_5' title="bbox 432 3053 752 3123">
    <p class='ocr_par' dir='ltr' id='par_1_6' title="bbox 432 3053 752 3123">
     <span class='ocr_line' id='line_1_23' title="bbox 432 3053 752 3123; baseline -0.013 0"><span class='ocrx_word' id='word_1_141' title='bbox 432 3054 487 3123; x_wconf 84' lang='lat' dir='ltr'><strong>De</strong></span> <span class='ocrx_word' id='word_1_142' title='bbox 518 3053 752 3122; x_wconf 74' lang='lat' dir='ltr'><strong>collocatione.</strong></span> 
     </span>
    </p>
   </div>
   <div class='ocr_carea' id='block_1_6' title="bbox 124 3228 1066 3555">
    <p class='ocr_par' dir='ltr' id='par_1_7' title="bbox 124 3228 1066 3555">
     <span class='ocr_line' id='line_1_24' title="bbox 166 3228 1062 3315; baseline 0.001 -15"><span class='ocrx_word' id='word_1_143' title='bbox 166 3234 368 3314; x_wconf 88' lang='lat' dir='ltr'><strong>Crassus,</strong></span> <span class='ocrx_word' id='word_1_144' title='bbox 390 3231 474 3299; x_wconf 90' lang='lat' dir='ltr'><strong>lihro</strong></span> <span class='ocrx_word' id='word_1_145' title='bbox 496 3232 587 3299; x_wconf 87' lang='lat' dir='ltr'><strong>tertio</strong></span> <span class='ocrx_word' id='word_1_146' title='bbox 608 3229 650 3298; x_wconf 90' lang='lat' dir='ltr'><strong>de</strong></span> <span class='ocrx_word' id='word_1_147' title='bbox 671 3234 816 3315; x_wconf 87' lang='lat' dir='ltr'><strong>Oratore,</strong></span> <span class='ocrx_word' id='word_1_148' title='bbox 839 3228 880 3297; x_wconf 91' lang='lat' dir='ltr'><strong>de</strong></span> <span class='ocrx_word' id='word_1_149' title='bbox 893 3232 1062 3301; x_wconf 78' lang='lat' dir='ltr'><strong>verborum</strong></span> 
     </span>
     <span class='ocr_line' id='line_1_25' title="bbox 124 3342 1066 3437; baseline 0.003 -23"><span class='ocrx_word' id='word_1_150' title='bbox 124 3346 363 3415; x_wconf 84' lang='lat' dir='ltr'><strong>continuatione</strong></span> <span class='ocrx_word' id='word_1_151' title='bbox 400 3342 588 3433; x_wconf 75' lang='lat' dir='ltr'><strong>dispntms:</strong></span> <span class='ocrx_word' id='word_1_152' title='bbox 661 3348 813 3437; x_wconf 78' lang='lat' dir='ltr'><strong>„Quum</strong></span> <span class='ocrx_word' id='word_1_153' title='bbox 843 3348 907 3416; x_wconf 90' lang='lat' dir='ltr'><strong>sint</strong></span> <span class='ocrx_word' id='word_1_154' title='bbox 939 3352 1066 3417; x_wconf 85' lang='lat' dir='ltr'><strong>numeri</strong></span> 
     </span>
     <span class='ocr_line' id='line_1_26' title="bbox 124 3460 1065 3555; baseline 0.005 -26"><span class='ocrx_word' id='word_1_155' title='bbox 124 3461 253 3555; x_wconf 82' lang='lat' dir='ltr'><strong>plures,</strong></span> <span class='ocrx_word' id='word_1_156' title='bbox 269 3460 465 3548; x_wconf 85' lang='lat' dir='ltr'><strong>jamhnm&#39;’‚</strong></span> <span class='ocrx_word' id='word_1_157' title='bbox 490 3461 598 3549; x_wconf 90' lang='lat' dir='ltr'><strong>inquit</strong></span> <span class='ocrx_word' id='word_1_158' title='bbox 617 3460 666 3549; x_wconf 79' lang='lat'><strong>(4)</strong></span> <span class='ocrx_word' id='word_1_159' title='bbox 679 3511 696 3546; x_wconf 30' lang='lat'><strong>‚1</strong></span> <span class='ocrx_word' id='word_1_160' title='bbox 714 3478 781 3547; x_wconf 87' lang='lat' dir='ltr'><strong>„et</strong></span> <span class='ocrx_word' id='word_1_161' title='bbox 803 3463 985 3533; x_wconf 79' lang='lat' dir='ltr'><strong>trochaeum</strong></span> <span class='ocrx_word' id='word_1_162' title='bbox 996 3465 1065 3534; x_wconf 83' lang='lat' dir='ltr'><strong>fre-</strong></span> 
     </span>
    </p>
   </div>
   <div class='ocr_carea' id='block_1_7' title="bbox 124 3584 358 3601">
    <p class='ocr_par' dir='ltr' id='par_1_8' title="bbox 124 3584 358 3601">
     <span class='ocr_line' id='line_1_27' title="bbox 124 3584 358 3601; baseline -0.004 0"><span class='ocrx_word' id='word_1_163' title='bbox 124 3584 358 3601; x_wconf 81' lang='lat'><strong>-——-—-—</strong></span> 
     </span>
    </p>
   </div>
   <div class='ocr_carea' id='block_1_8' title="bbox 45 3631 1070 3934">
    <p class='ocr_par' dir='ltr' id='par_1_9' title="bbox 45 3631 1070 3934">
     <span class='ocr_line' id='line_1_28' title="bbox 168 3631 1066 3714; baseline 0 -17"><span class='ocrx_word' id='word_1_164' title='bbox 168 3638 210 3714; x_wconf 78' lang='grc' dir='ltr'><strong>(Ι)</strong></span> <span class='ocrx_word' id='word_1_165' title='bbox 231 3635 316 3696; x_wconf 86' lang='lat' dir='ltr'><strong>Rhet.</strong></span> <span class='ocrx_word' id='word_1_166' title='bbox 352 3633 401 3710; x_wconf 85' lang='lat' dir='ltr'><strong>ill,</strong></span> <span class='ocrx_word' id='word_1_167' title='bbox 440 3632 490 3694; x_wconf 79' lang='lat' dir='ltr'><strong>to.</strong></span> <span class='ocrx_word' id='word_1_168' title='bbox 533 3631 574 3710; x_wconf 59' lang='grc' dir='ltr'><strong>(ἲ)</strong></span> <span class='ocrx_word' id='word_1_169' title='bbox 597 3632 640 3691; x_wconf 77' lang='grc' dir='ltr'>ΙΙ).</span> <span class='ocrx_word' id='word_1_170' title='bbox 665 3650 692 3691; x_wconf 84' lang='lat' dir='ltr'><strong>o.</strong></span> <span class='ocrx_word' id='word_1_171' title='bbox 720 3632 751 3691; x_wconf 64' lang='grc' dir='ltr'><strong>Ι.</strong></span> <span class='ocrx_word' id='word_1_172' title='bbox 782 3632 827 3693; x_wconf 82' lang='lat' dir='ltr'><strong>ct.</strong></span> <span class='ocrx_word' id='word_1_173' title='bbox 853 3634 935 3694; x_wconf 77' lang='lat' dir='ltr'><strong>Poit.</strong></span> <span class='ocrx_word' id='word_1_174' title='bbox 960 3655 986 3695; x_wconf 89' lang='lat' dir='ltr'><strong>o.</strong></span> <span class='ocrx_word' id='word_1_175' title='bbox 1012 3636 1066 3698; x_wconf 64' lang='lat'><strong>22.</strong></span> 
     </span>
     <span class='ocr_line' id='line_1_29' title="bbox 45 3741 1070 3841; baseline 0.002 -36"><span class='ocrx_word' id='word_1_176' title='bbox 45 3833 48 3841; x_wconf 30' lang='grc' dir='ltr'>Ι</span> <span class='ocrx_word' id='word_1_177' title='bbox 128 3746 169 3832; x_wconf 68' lang='grc' dir='ltr'><strong>(ὅ)</strong></span> <span class='ocrx_word' id='word_1_178' title='bbox 196 3764 224 3805; x_wconf 85' lang='lat' dir='ltr'><strong>c.</strong></span> <span class='ocrx_word' id='word_1_179' title='bbox 250 3745 303 3804; x_wconf 73' lang='lat'><strong>27.</strong></span> <span class='ocrx_word' id='word_1_180' title='bbox 330 3743 384 3803; x_wconf 77' lang='grc' dir='ltr'>(ΙΙΙ.</span> <span class='ocrx_word' id='word_1_181' title='bbox 407 3743 507 3802; x_wconf 87' lang='lat' dir='ltr'><strong>Brut.</strong></span> <span class='ocrx_word' id='word_1_182' title='bbox 538 3760 565 3801; x_wconf 89' lang='lat' dir='ltr'><strong>o.</strong></span> <span class='ocrx_word' id='word_1_183' title='bbox 599 3742 636 3801; x_wconf 85' lang='grc' dir='ltr'><strong>ΙΙ</strong></span> <span class='ocrx_word' id='word_1_184' title='bbox 657 3741 686 3801; x_wconf 89' lang='lat' dir='ltr'><strong>in</strong></span> <span class='ocrx_word' id='word_1_185' title='bbox 709 3742 732 3802; x_wconf 86' lang='grc' dir='ltr'><strong>Ι.</strong></span> <span class='ocrx_word' id='word_1_186' title='bbox 757 3742 1070 3807; x_wconf 77' lang='lat' dir='ltr'><strong>etAristRhet.ad</strong></span> 
     </span>
     <span class='ocr_line' id='line_1_30' title="bbox 128 3848 1070 3934; baseline 0.002 -22"><span class='ocrx_word' id='word_1_187' title='bbox 128 3853 230 3913; x_wconf 76' lang='lat' dir='ltr'><strong>Alex.</strong></span> <span class='ocrx_word' id='word_1_188' title='bbox 267 3870 296 3912; x_wconf 86' lang='lat' dir='ltr'><strong>e.</strong></span> <span class='ocrx_word' id='word_1_189' title='bbox 334 3852 385 3912; x_wconf 66' lang='lat' dir='ltr'><strong>hl.</strong></span> <span class='ocrx_word' id='word_1_190' title='bbox 429 3851 469 3927; x_wconf 81' lang='grc' dir='ltr'><strong>(Ι)</strong></span> <span class='ocrx_word' id='word_1_191' title='bbox 500 3868 526 3911; x_wconf 86' lang='lat' dir='ltr'><strong>e.</strong></span> <span class='ocrx_word' id='word_1_192' title='bbox 566 3850 618 3910; x_wconf 83' lang='grc' dir='ltr'><strong>ΙΙ.</strong></span> <span class='ocrx_word' id='word_1_193' title='bbox 660 3848 778 3913; x_wconf 76' lang='lat' dir='ltr'><strong>Secutus</strong></span> <span class='ocrx_word' id='word_1_194' title='bbox 806 3868 867 3913; x_wconf 81' lang='lat' dir='ltr'><strong>sunt</strong></span> <span class='ocrx_word' id='word_1_195' title='bbox 905 3851 987 3934; x_wconf 85' lang='lat' dir='ltr'><strong>hujus</strong></span> <span class='ocrx_word' id='word_1_196' title='bbox 1014 3852 1070 3914; x_wconf 83' lang='lat' dir='ltr'><strong>loci</strong></span> 
     </span>
    </p>
   </div>
   <div class='ocr_carea' id='block_1_9' title="bbox 130 3962 1068 4153">
    <p class='ocr_par' dir='ltr' id='par_1_10' title="bbox 130 3962 1068 4153">
     <span class='ocr_line' id='line_1_31' title="bbox 130 3962 1068 4041; baseline 0.003 -17"><span class='ocrx_word' id='word_1_197' title='bbox 130 3964 352 4025; x_wconf 80' lang='lat' dir='ltr'><strong>emendationem</strong></span> <span class='ocrx_word' id='word_1_198' title='bbox 387 3981 469 4041; x_wconf 87' lang='lat' dir='ltr'><strong>quam</strong></span> <span class='ocrx_word' id='word_1_199' title='bbox 496 3962 641 4039; x_wconf 83' lang='lat' dir='ltr'><strong>proposuit</strong></span> <span class='ocrx_word' id='word_1_200' title='bbox 661 3962 685 4027; x_wconf 80' lang='lat' dir='ltr'><strong>F</strong></span> <span class='ocrx_word' id='word_1_201' title='bbox 692 3981 717 4025; x_wconf 91' lang='lat' dir='ltr'><strong>r.</strong></span> <span class='ocrx_word' id='word_1_202' title='bbox 746 3962 929 4033; x_wconf 80' lang='lat' dir='ltr'><strong>Ellendt,</strong></span> <span class='ocrx_word' id='word_1_203' title='bbox 951 3962 1015 4027; x_wconf 73' lang='lat' dir='ltr'><strong>tot</strong></span> <span class='ocrx_word' id='word_1_204' title='bbox 1042 3963 1068 4039; x_wconf 76' lang='lat' dir='ltr'><strong>l,</strong></span> 
     </span>
     <span class='ocr_line' id='line_1_32' title="bbox 131 4070 600 4153; baseline -0.004 -20"><span class='ocrx_word' id='word_1_205' title='bbox 131 4092 166 4153; x_wconf 79' lang='lat' dir='ltr'><strong>p·</strong></span> <span class='ocrx_word' id='word_1_206' title='bbox 188 4073 249 4133; x_wconf 72' lang='lat'><strong>549</strong></span> <span class='ocrx_word' id='word_1_207' title='bbox 270 4086 298 4135; x_wconf 91' lang='lat' dir='ltr'><strong>et</strong></span> <span class='ocrx_word' id='word_1_208' title='bbox 321 4073 385 4136; x_wconf 82' lang='lat' dir='ltr'><strong>Vol.</strong></span> <span class='ocrx_word' id='word_1_209' title='bbox 407 4073 444 4148; x_wconf 85' lang='lat' dir='ltr'><strong>lt,</strong></span> <span class='ocrx_word' id='word_1_210' title='bbox 471 4089 501 4152; x_wconf 84' lang='lat' dir='ltr'><strong>p.</strong></span> <span class='ocrx_word' id='word_1_211' title='bbox 527 4070 600 4133; x_wconf 71' lang='lat'><strong>459.</strong></span> 
     </span>
    </p>
   </div>
   <div class='ocr_carea' id='block_1_10' title="bbox 0 0 1439 5009">
    <p class='ocr_par' dir='ltr' id='par_1_11' title="bbox 0 0 1439 5009">
     <span class='ocr_line' id='line_1_33' title="bbox 0 0 1439 5009; baseline 0 0"><span class='ocrx_word' id='word_1_212' title='bbox 0 0 1439 5009; x_wconf 95' lang='lat' dir='ltr'><strong> </strong></span> 
     </span>
    </p>
   </div>
  </div>
 </body>
</html>
