2817 5009
552 440 613 507 153
677 466 682 471 ·

159 622 274 712 Quum
304 623 485 704 Caesar,
508 622 698 712 Pompejo
726 620 874 707 deviato,
909 623 1054 695 dictator·

113 745 194 802 esset
211 736 428 817 renuntiatus,
449 735 596 801 Giesro
620 733 716 822 hujus
737 752 842 825 partas
862 755 953 806 arama
961 763 1049 808 sem·-

114 874 175 937 per
195 866 343 931 mantus,
376 865 507 934 urgente
530 850 732 931 necesitate,
758 874 831 916 eum
852 851 908 917 illo
923 855 957 918 in
975 877 1050 938 gra-

25 963 26 967 ’
114 967 193 1032 tiam
222 962 382 1047 redierat,
414 981 466 1039 et,
502 987 545 1030 ne
575 979 816 1056 praepotentem
845 968 1053 1036 Gaesarem

112 1079 239 1149 silentio
281 1101 339 1145 sno
376 1076 499 1150 loedere
542 1078 722 1163 videretur,
766 1080 897 1148 Attici
927 1083 1053 1174 monitis

110 1193 290 1286 Epistulam
320 1219 374 1262 sen
400 1197 692 1278 cunimundum,
709 1198 749 1264 iu
774 1221 840 1286 quo
862 1195 904 1268 de
926 1199 1063 1268 civitais.

44 1347 57 1358 .
111 1332 263 1378 romaum
298 1311 519 1381 eonstitutione
546 1308 747 1386 enuntianda
769 1312 901 1382 consilia
914 1316 943 1380 ei
966 1313 1055 1382 daret

114 1446 300 1513 nouimque
333 1449 453 1496 munus.
478 1425 704 1513 gratulantur,
729 1453 921 1518 componere
948 1446 1053 1498 menta

115 1532 328 1642 oonotperats
354 1549 626 1636 „Eupssmlteuuais
646 1571 739 1644 saepe
759 1579 856 1623 conor
869 1585 886 1622 :-
902 1554 982 1621 nihil
998 1579 1054 1622 re-

115 1677 218 1767 perio:
242 1671 424 1762 etquidem
443 1695 571 1741 meeum
595 1675 697 1742 habeo
721 1695 752 1742 et
769 1671 977 1764 -Ἀριςοτέλους
1007 1680 1056 1769 (i)

115 1813 150 1862 et
182 1797 360 1880 Θεοπόμπου
388 1793 469 1884 πρὸς
488 1791 697 1891 Αλέξανδρονι
722 1794 787 1860 sed
823 1794 902 1884 quid
933 1797 1057 1866 simile?

116 1909 194 1996 Illi,
230 1927 263 1977 et
296 1927 378 2000 quse
398 1911 473 2000 ipsis
496 1910 625 1978 honesta
646 1927 747 1977 essent
758 1929 772 1993 ,'
800 1912 1002 1994 scribebant,
1027 1918 1086 1981 et·¹

117 2043 207 2114 grata
232 2023 473 2093 Alexandro.
531 2022 658 2115 Ecquid
680 2041 716 2091 tu
739 2023 892 2111 ejusmodi
912 2029 1058 2114 reperis?
1100 2071 1104 2076 -

120 2142 207 2212 Mihi
237 2139 368 2230 quidem
404 2138 485 2206 nihil
506 2142 541 2206 in
558 2157 698 2206 mentem
717 2142 827 2207 venit''
853 2141 901 2230 (2)
913 2171 924 2224 3
950 2151 981 2208 e't
1002 2143 1061 2210 alio

120 2261 202 2327 tono·
230 2255 302 2342 ():
351 2256 435 2336 „De
469 2255 608 2342 Epistola
641 2253 682 2321 ad
710 2257 935 2340 Gaesarem,
955 2261 1061 2345 jurato

119 2373 205 2440 mihi
238 2369 357 2452 erede,
381 2395 448 2436 non
471 2393 622 2460 possum,
655 2394 715 2438 nso
740 2395 790 2438 me
810 2372 977 2463 turpitudo
998 2374 1061 2442 de·

122 2503 244 2570 terret,
279 2487 336 2552 etsi
365 2487 502 2552 maxime
526 2483 677 2552 debebat.
693 2523 738 2538 -·
773 2486 837 2554 Sed
870 2489 1062 2556 iumentum

124 2604 208 2672 nihil
227 2605 323 2677 venit.
368 2604 474 2686 Nam,
499 2626 580 2691 qnae
603 2601 742 2668 suntad
763 2600 979 2670 Alexandrum
997 2605 1061 2672 ho·

126 2725 250 2788 minum
286 2719 501 2806 eloquentium
532 2734 564 2782 et
585 2717 761 2814 doutorum¹
777 2721 952 2804 suasiones,
977 2721 1061 2789 vides

129 2840 245 2928 quibus
268 2838 303 2901 in
324 2834 418 2898 rebus
442 2847 614 2899 versentur.
660 2832 924 2916 Adolescentem,
946 2839 1062 2904 incen-

121 2977 200 3019 sum
230 2947 403 3042 cupiditate
439 2947 609 3012 verissimae
639 2943 769 3030 gloriae,
803 2950 984 3037 cupientem
1004 2953 1063 3016 sibi

130 3065 251 3157 aliquid
276 3062 393 3132 consilii
414 3061 506 3143 dari,
541 3057 629 3149 quod
654 3056 693 3124 ad
717 3057 840 3126 laudem
860 3061 1066 3150 senpiternam

131 3185 268 3267 valeret,
304 3181 509 3249 cohortantur
534 3177 573 3244 ad
600 3175 707 3244 decus.
753 3177 825 3242 Non
847 3174 935 3242 deest
958 3182 1065 3248 oratio.

131 3305 201 3388 Ego
222 3297 300 3388 quid
326 3301 538 3390 possumi—
560 3293 678 3384 Quid?
713 3310 749 3359 tu
770 3318 836 3361 non
860 3291 945 3359 vides
964 3295 1067 3384 ipsum

132 3413 222 3483 illum
257 3410 491 3481 Aristotelis
523 3407 737 3499 discipulum,
771 3433 894 3478 summo
917 3411 1065 3498 ingenie,

181 3698 221 3771 (i)
245 3694 456 3754 Aristotelis
490 3710 576 3771 opera
616 3689 729 3768 politica
753 3693 789 3750 ad
823 3694 1068 3756 Alexandrum
1159 3706 1161 3715 ¹

136 3806 214 3864 luere
249 3808 307 3883 περὶ
326 3805 484 3881 βασιλείας,
505 3811 575 3857 teste
596 3796 780 3856 Ammonio
801 3798 828 3855 in
852 3801 926 3875 vita,
956 3813 984 3862 et
1010 3811 1068 3882 περὶ

137 3917 306 3992 συμβουλίας.
343 3908 387 3969 Cf.
425 3906 522 3985 Diog.
559 3908 676 3966 Lairt.
713 3905 748 3978 V,
776 3917 845 3962 sect.
875 3907 927 3966 tt.
972 3911 1011 3988 (ἢ)
1035 3912 1069 3972 ad

138 4022 209 4080 Att.
239 4017 301 4094 ΧΗ,
329 4017 383 4094 Ep.
409 4017 460 4075 40.
506 4015 546 4091 (ὅ)
569 4015 612 4072 lh.
637 4012 710 4088 xut,
736 4011 791 4089 Ep.
819 4011 869 4070 28.
