2817 5009
808 430 850 497 76

299 622 306 635 “
357 617 547 708 pistrinum,
567 610 739 680 detrudere
760 629 793 680 et
813 612 1014 705 compingere
1036 612 1209 683 studebant
1236 618 1300 705 (l),

355 732 414 799 tte
436 731 648 818 cognitionem
670 750 777 795 rerum
803 729 968 805 concessit,
994 726 1083 819 quod
1104 730 1301 803 ineasolum

357 845 400 913 illi
423 846 578 915 voluerint
599 845 782 929 elaborare3
809 845 1025 913 tractationem
1044 847 1298 933 remorationis,

360 986 442 1053 quae
470 964 538 1031 sinc
567 960 619 1030 illa
640 961 769 1031 euntia
787 959 874 1027 nialla
895 976 964 1043 cst,
998 962 1114 1029 oratori
1134 975 1301 1031 assumen-

357 1076 432 1147 dam
461 1102 526 1147 esse
556 1076 672 1145 duxit:
696 1125 720 1159 „
735 1075 798 1143 hoe
816 1076 946 1160 enim,’'
970 1077 1101 1167 inquit,
1125 1090 1303 1171 „estpro-

356 1193 465 1283 prinm
485 1191 633 1276 oratoris,
656 1189 754 1259 oratio
774 1190 894 1277 mavia,
917 1207 949 1258 et
970 1208 1103 1278 ornata,
1135 1210 1168 1260 et
1188 1192 1299 1261 homi-

359 1330 439 1373 nnm
462 1305 606 1371 sensibus
637 1327 673 1371 ae
698 1304 858 1371 mentibus
880 1302 1123 1375 accommodata.
1168 1306 1297 1395 Quibus

359 1420 401 1489 de
434 1423 529 1501 rebus
564 1417 833 1487 Aristotelem
876 1434 908 1484 et
952 1417 1302 1509 Theophrastum

361 1538 519 1629 scripsisse
538 1534 662 1603 fateor’'
690 1530 754 1621 (2).
1065 1615 1068 1621 ¹

403 1652 557 1721 Univeme
576 1646 785 1734 monendum,
808 1664 981 1739 utrumque
1001 1648 1091 1718 ultius
1110 1650 1299 1741 Platone,

357 1776 415 1869 qni
447 1772 681 1865 philosophiam
710 1775 768 1837 τῶν
794 1768 952 1861 ἐγκυκλίων
982 1770 1163 1861 μαθημάτων
1188 1772 1295 1843 domi-

359 1916 434 1959 nam
465 1914 530 1959 esse
550 1886 684 1956 duxerat
703 1886 777 1980 (3),
815 1885 935 1956 evolare
956 1885 1134 1973 studuisse,
1158 1886 1300 1957 dissimili
1391 1940 1392 1961 2

360 2024 466 2075 umen
486 2026 616 2096 prorsus
635 2004 767 2086 ratione,
790 2002 1047 2071 Ciceronem
1067 2002 1299 2096 perlectoora·
1391 1984 1392 1987 Ἴ

360 2143 430 2194 tore
458 2118 685 2202 informando,
719 2121 992 2189 Aristotelem
1023 2145 1099 2191 vero
1134 2146 1215 2191 nova
1236 2121 1298 2191 do·
1391 2197 1392 2211 χ

361 2249 462 2320 ctrim
481 2240 650 2316 condenda
671 2251 707 2333 τῇ
748 2253 847 2335 epoti
873 2234 1025 2337 φίλοσοφίᾳ
1035 2297 1047 2332 ,
1073 2248 1297 2315 crecentiori-

359 2375 441 2459 hus,
483 2367 572 2461 qnod
604 2367 679 2458 μετὰ
714 2368 752 2435 τὰ
777 2369 885 2458 φυσικὰ
919 2369 968 2438 vel
1003 2368 1075 2459 ὑπὲρ
1114 2369 1153 2436 τὰ
1189 2370 1297 2461 φυσικὰ
1391 2370 1392 2373 ’

362 2510 537 2580 tmctatur,
556 2492 735 2584 μεταφυσικὴ
760 2492 845 2563 diota
865 2492 938 2584 (4),
961 2517 1058 2585 quam
1083 2492 1301 2563 doctrinarum

363 2625 507 2692 omnium
545 2619 779 2693 ressuscites
821 2623 896 2710 (5),
918 2624 1128 2714 ἀρχικωτάτη)
1151 2621 1226 2715 (6),
1251 2647 1299 2691 τ).

364 2752 513 2836 moresne
535 2745 604 2836 (7),
627 2746 730 2836 σοφίαν
753 2745 817 2837 περὶ
858 2747 897 2812 τὰ
932 2750 1034 2837 πρῶτα
1063 2746 1144 2814 αἴτια
1173 2745 1222 2811 καὶ
1248 2748 1299 2822 τὰς

364 2871 465 2962 ἀρχὰς
494 2869 562 2961 (8),
593 2872 683 2960 μόνην
706 2874 797 2943 αὕτη)
821 2870 911 2946 etsta
936 2874 1039 2958 ἕνεκεν,
1061 2888 1116 2956 et,
1139 2887 1299 2961 tamquam

365 2996 464 3065 οὐσίαν
478 2997 636 3082 ἀκίνητον,
657 2997 806 3065 omnibns
823 2995 989 3085 generibus
1012 3009 1044 3060 et
1068 2994 1189 3061 natm-is
1208 3018 1298 3063 com·

366 3147 496 3193 munem
523 3123 657 3213 (midiae
673 3129 777 3191 πασῶν
790 3123 901 3211 κοινήν)
923 3147 986 3191 esse
1006 3123 1111 3193 ¹voluit.
1134 3120 1184 3214 (9)

409 3244 481 3310 Iam
504 3243 539 3308 in
555 3243 727 3328 juventute
762 3240 924 3323 Cicero,
948 3264 1022 3307 cum
1049 3264 1200 3339 magnum
1223 3241 1300 3333 quid

365 3419 569 3439 *un—⁶⁸·

408 3492 449 3575 (ι)
479 3495 515 3557 aa
541 3493 621 3555 oras.
651 3495 675 3571 ι,
709 3482 757 3555 ia.
804 3495 843 3573 (e)
870 3496 911 3557 n.
943 3515 971 3557 a.
993 3498 1141 3559 reolo.
1186 3500 1297 3579 (nol.

365 3609 401 3671 G.
442 3625 513 3668 vau
541 3604 700 3681 llsnsde‚
741 3604 804 3666 luit.
832 3606 854 3674 l,
880 3625 911 3685 p.
941 3604 981 3667 64
1006 3618 1035 3675 et
1062 3608 1096 3675 ll,
1121 3608 1157 3676 ll,
1187 3629 1218 3689 p.
1249 3611 1299 3671 hl.

272 3739 277 3750 ι
366 3714 508 3793 (sines.
538 3712 559 3772 ι.
598 3712 619 3771 ι.
665 3711 705 3790 (s)
735 3712 784 3789 111,
813 3713 841 3772 s.
887 3712 926 3788 (o)
952 3712 975 3789 1,
998 3712 1028 3780 a,
1053 3732 1083 3791 p.
1109 3712 1181 3783 osa,
1207 3716 1238 3775 s.
1268 3719 1298 3777 a.

367 3823 407 3898 (7)
440 3820 512 3881 Nic.
552 3820 601 3897 Vl,
633 3822 663 3881 7.
709 3819 748 3898 (8)
773 3819 852 3880 llet.
883 3821 903 3887 1,
937 3823 952 3881 l
979 3822 1006 3881 in
1032 3823 1053 3881 l.
1098 3824 1139 3899 (9)
1167 3823 1234 3883 liet.
1265 3825 1298 3899 V,

368 3929 384 3988 l
419 3926 494 3987 inl.
534 3928 579 3991 cl.
615 3928 673 3989 Ph.
704 3929 741 3988 G.
767 3946 833 3989 van
856 3928 1016 4007 llenade,
1044 3931 1107 3991 lnit.
1133 3932 1169 4008 ll,
1193 3933 1243 4002 lll,
1267 3953 1296 4012 p.

362 4037 403 4098 68
428 4054 491 4117 sqq.
515 4051 543 4098 et
570 4038 680 4099 Arist.
708 4037 780 4097 Nic.
807 4037 855 4115 Vl,
880 4039 910 4099 5.
