2817 5009
17 719 18 728 ,
137 692 291 738 somnum
322 670 391 738 vina
409 669 445 735 in
465 664 644 756 eloquentia
668 664 780 733 tribuit
800 662 877 753 (1),
903 663 957 735 hie
981 688 1073 749 vero,

136 790 208 857 lieet
225 790 356 859 alteram
367 787 895 877 iaenltatemminimenegiexerit,
917 800 953 880 τῇ
982 790 1074 879 sedai

40 992 44 999 .
135 924 288 1003 πῑςευτῑκῇ
312 916 497 1009 praecipuas
518 916 640 1007 palmas
658 918 820 983 concessit.
852 918 980 984 Oratori
1001 917 1070 1004 gia-

17 1051 18 1054 ’
133 1027 178 1096 dii
201 1032 300 1097 instar
324 1047 391 1097 erat
412 1032 654 1101 Aristotelis
674 1030 859 1123 syllogistica
882 1029 926 1097 ad
950 1054 1072 1113 enusm

131 1143 358 1213 vindicandam
375 1162 407 1213 et
429 1144 674 1217 adversariorum
684 1148 970 1235 argumentationes
978 1148 1070 1214 resu-

132 1258 256 1327 tendas.
298 1262 399 1354 Saepe
421 1286 552 1351 quoqne
574 1264 726 1330 Cieero
744 1263 779 1329 in
806 1272 1070 1353 attatum-nepas·-

131 1392 197 1440 tem
230 1373 421 1465 disputandi
439 1378 582 1458 ratione,
604 1375 865 1460 definitionibus,
888 1378 1070 1469 partitioni-

130 1492 210 1570 bus,
249 1494 410 1559 sententiis
435 1491 508 1581 (2),
542 1495 828 1584 eompsrstionibus
851 1492 924 1583 (3),
948 1516 1071 1563 esmant

132 1607 266 1675 maxime
284 1606 459 1675 illustrarit.

174 1724 236 1791 His
263 1719 532 1813 acquiescendum
564 1747 626 1791 ωε
653 1723 757 1803 dexia
789 1722 961 1819 deperditis
983 1718 1075 1793 enim'

131 1834 373 1905 Aristotelis
401 1836 565 1903 exotericis
593 1836 744 1929 seriptis,
778 1836 928 1930 exemplis
962 1861 980 1903 e
1004 1838 1071 1905 Ci-

131 1954 290 2023 eeronis
312 1954 507 2021 orationihus
525 1952 645 2041 singula
666 1951 855 2023 eonfirmare
871 1954 951 2023 aleae
975 1957 1072 2024 instar·

131 2096 196 2141 esse
218 2070 402 2158 rideretur,
427 2097 525 2156 enm,
550 2088 581 2138 et
604 2072 638 2138 in
664 2074 750 2140 vanis
775 2076 965 2163 conjecturis
991 2081 1072 2145 snb-

131 2186 327 2272 sistendum,
349 2205 383 2257 et
404 2190 440 2255 in
459 2211 557 2271 resno
578 2186 814 2277 dighdiandurn
838 2191 916 2259 mihi
938 2192 1028 2263 foret.

176 2300 361 2372 natandum
406 2305 540 2373 maxime
583 2320 655 2388 est,
708 2329 748 2373 es
780 2308 945 2400 Epistolis,
993 2334 1071 2401 quas

121 2414 398 2485 ,Aristotelem
438 2415 526 2485 hand
566 2442 682 2509 paneas
726 2420 882 2510 scripsisse
923 2439 1069 2510 constet,

128 2529 302 2619 {segmenta
337 2548 462 2601 tantum
497 2532 674 2622 quaedam,
696 2558 796 2625 esque
835 2553 898 2605 tam
920 2564 1016 2629 parva
1038 2558 1071 2607 et

18 2839 19 2866 Ἰ
170 2789 287 2867 (nilis.
328 2790 472 2877 Quinet.
512 2793 535 2851 Ι.
573 2792 610 2853 0.
633 2794 669 2869 ΙΙ,
693 2794 731 2853 15
754 2807 782 2855 et
810 2795 1004 2859 Stalihaum
1033 2804 1068 2861 ed

129 2897 215 2960 Plat.
245 2899 348 2980 Gorg.
379 2920 408 2961 e.
440 2902 461 2959 9
491 2901 520 2959 in
541 2902 563 2961 i.
608 2902 648 2979 (2)
671 2902 906 2965 Casanbenus
927 2906 1009 2985 adeo,
1033 2912 1067 2969 ed
1183 2976 1186 2983 ,

128 3001 227 3089 D'iog.
251 3009 366 3069 baert.
400 3007 434 3074 V,
465 3007 542 3067 Seet.
572 3009 621 3073 ΙΙ,
647 3009 861 3069 Aristotelis
882 3015 1066 3089 sententiam,

125 3124 155 3179 οὐ
185 3120 230 3179 r'os
260 3122 380 3197 τρόπον,
411 3118 481 3176 ἀλλὰ
499 3117 546 3176 τὸν
564 3116 697 3195 ἄνθρωπον
717 3118 840 3188 ἠλέησα,
863 3114 1068 3180 Ciceronem

126 3226 154 3286 in
174 3224 300 3287 oratione
319 3243 371 3302 pro
400 3221 547 3295 Quintio
577 3221 622 3283 his
642 3222 736 3283 verbis
754 3224 923 3301 expressisse
949 3244 1064 3291 censet:

126 3332 183 3411 „Si
210 3351 266 3393 non
303 3331 444 3398 hominis,
481 3345 509 3391 at
545 3331 722 3393 humanitatis
754 3333 888 3395 rationem
908 3334 1068 3413 haberet;''

125 3444 196 3521 qnod
231 3442 313 3503 nimis
342 3440 495 3519 ereremum
531 3442 597 3501 mini
623 3443 743 3503 videtur.
789 3446 828 3521 (5)
852 3446 897 3506 Gi.
930 3447 1064 3527 imprimis

123 3553 240 3614 Arist.
261 3552 326 3613 Pol.
349 3550 398 3627 ΙΙΙ,
424 3552 454 3618 t,
475 3552 536 3618 ΙΙ.
578 3552 750 3631 Frequenter
773 3568 836 3615 sunt
855 3558 929 3633 apud
956 3571 1092 3620 utrum-·

124 3678 178 3738 qne
204 3661 427 3739 comparationes
453 3671 642 3720 nannenten
668 3660 754 3737 eive,
786 3664 977 3741 gubernatoris
1000 3690 1064 3733 eum

122 3770 240 3832 civitatis
269 3785 404 3846 rectore,
442 3769 596 3830 medicinae
638 3786 703 3828 enm
736 3772 807 3850 juris
845 3776 969 3839 seientia.
1023 3783 1064 3843 Ex

122 3882 293 3945 orationibus
330 3880 524 3941 Ciceronis
554 3879 730 3940 conserantur
762 3884 825 3943 Aet.
866 3886 890 3945 ΙΙ
918 3888 944 3947 in
980 3890 1065 3950 Ver-

124 4007 213 4066 rem,
236 3990 260 4067 1,
291 3988 424 4065 stt-58,
448 3989 697 4066 11„7-10,m,
727 3990 861 4072 iisqq„
892 3998 1063 4074 proFent.

123 4116 151 4159 e.
184 4098 233 4176 15,
262 4100 420 4161 irrCatii.
444 4100 524 4162 Orat.
551 4100 573 4167 Ι,
601 4118 628 4159 e.
659 4102 685 4158 Ι.
