2817 5009
807 485 868 557 130

360 692 429 758 eus,
451 673 510 765 qui
534 672 689 740 eivitutem
711 672 929 759 gubernantur
949 670 1040 759 longe
1061 670 1302 764 anteponentes

364 812 428 855 esse
460 787 569 855 duxits
618 785 742 871 „Nihil
764 787 897 869 euim’',
920 787 1029 877 inquit
1053 783 1124 875 (l),
1150 786 1301 872 „dicitur

365 928 384 969 u
412 894 631 995 pbilosophis,
655 899 746 991 qnod
766 899 899 989 quidem
918 917 1004 968 recte
1025 900 1227 992 honesteque
1251 902 1304 969 di-

366 1036 479 1103 cutur,
510 1016 599 1111 quod
629 1040 696 1084 non
734 1018 774 1082 ab
800 1015 848 1081 his
870 1032 996 1108 partum
1014 1016 1306 1107 confit-metumque

365 1138 427 1217 sit,
450 1162 467 1200 a
489 1136 607 1224 quibus
625 1134 802 1199 civitatibus
816 1135 889 1219 jura
911 1130 1068 1223 descripte
1088 1150 1175 1201 sunt.
1213 1132 1308 1201 Unde

358 1252 455 1317 ,enim
486 1252 614 1341 pietas?
650 1264 745 1314 nutu
778 1250 896 1337 quibus
918 1247 1051 1333 religio?
1075 1249 1163 1315 unde
1180 1252 1237 1336 jus
1257 1266 1309 1315 eut

360 1368 533 1453 -gentium,
555 1380 609 1430 aut
629 1364 692 1432 boe
713 1366 818 1455 ipsum
841 1364 929 1431 civile
953 1362 1042 1455 quod
1051 1363 1200 1434 dieitur?
1225 1364 1311 1434 uude

361 1483 508 1570 jutitia,
543 1479 649 1560 tides,
683 1480 847 1569 nequitus?
880 1478 968 1547 unde
987 1478 1114 1569 pudor,
1139 1484 1311 1551 eontinen-

361 1602 434 1680 tbu,
456 1599 530 1685 fuga
553 1594 782 1689 turpitudinis,
811 1600 992 1687 appetentia
1017 1598 1117 1667 leudis
1133 1618 1167 1667 et
1191 1602 1309 1671 hones-

369 1716 466 1784 tetis?
503 1714 590 1781 unde
622 1716 657 1779 in
687 1713 847 1781 laboribus
879 1730 912 1779 et
945 1714 1095 1803 perieulis
1130 1716 1311 1785 fortitudo?

369 1834 495 1924 Nempe
511 1834 553 1898 ab
575 1832 645 1914 bis,
669 1832 726 1922 qui
749 1830 826 1899 haec
845 1829 1020 1923 disciplinis
1047 1832 1236 1919 informate,
1259 1834 1313 1903 ulie

369 1939 510 2017 motibus
543 1948 798 2027 oonfinmuunt,
831 1964 1002 2014 sanxerunt
1029 1965 1134 2015 eutem
1152 1950 1214 2017 ulie
1234 1951 1311 2037 logi·

366 2069 497 2133 bun-
519 2067 604 2151 Engo
620 2063 692 2145 ille,
730 2064 812 2130 cives
834 2066 891 2154 qui
916 2062 950 2128 id
973 2064 1055 2149 uegit
1072 2089 1184 2131 omnes
1205 2068 1311 2159 impe-

367 2184 419 2247 rio
437 2180 607 2269 legumque
631 2202 756 2270 poene,
779 2178 868 2267 quod
906 2181 957 2245 vix
992 2181 1097 2270 pnuois
1124 2180 1313 2268 persuadete

370 2296 509 2364 oratione
541 2294 721 2386 philosophi
759 2311 912 2385 possunt,
947 2297 1041 2362 etium
1071 2297 1142 2379 his,
1176 2299 1236 2388 qni
1264 2298 1311 2365 illu

366 2411 558 2502 disputant,
581 2412 659 2499 ipsis
681 2427 728 2477 est
751 2410 974 2502 praeferendus
997 2410 1189 2479 doctoribus.
1224 2415 1315 2503 Quae

367 2546 418 2595 est
437 2529 523 2595 enim
543 2524 679 2595 istorum
698 2530 798 2595 otutio
819 2545 882 2593 tam
900 2529 1077 2617 exquisita,
1101 2552 1180 2619 quae
1197 2531 1239 2595 sit
1251 2556 1315 2597 en·

371 2643 554 2733 seponenda
586 2645 668 2709 bene
701 2644 887 2710 constitutae
908 2645 1023 2709 civitati
1043 2644 1173 2735 publico
1188 2647 1315 2733 june'et

370 2763 536 2827 moribus?
581 2759 740 2849 Equidem
763 2758 1034 2848 quemadmodum

529 2873 633 2944 Urbes
653 2898 799 2965 mugnus
820 2887 920 2964 atque
941 2882 1158 2964 imperiosas,

371 3010 408 3061 ut
447 2990 584 3084 appellat
630 2992 808 3071 Ennius,
841 2989 948 3058 viculis
984 3006 1016 3055 et
1051 2990 1179 3057 castellis
1217 3016 1311 3085 prae-

371 3255 533 3331 sepiendum
560 3253 750 3331 intelligebat,
773 3270 856 3329 mum
880 3252 985 3327 Stoici,
1009 3251 1059 3313 sud
1073 3270 1160 3327 eum,
1183 3264 1215 3311 ut
1230 3252 1314 3312 refert

376 3360 403 3419 in
425 3362 571 3425 Laelio,
597 3380 624 3420 o.
640 3362 692 3436 96,
704 3378 777 3438 quoe
791 3360 899 3420 videtur
908 3362 936 3421 in
950 3360 1088 3421 bominem
1102 3360 1205 3420 eadere
1218 3380 1313 3440 posse.

371 3468 427 3527 Gn.
459 3469 570 3527 Arist.
606 3469 645 3527 ll.
684 3470 725 3528 ll.
765 3467 789 3545 l,
832 3471 884 3546 55,
921 3490 951 3549 p.
981 3472 1071 3545 tt97‚
1098 3472 1126 3529 b.
1155 3470 1195 3528 Ἦ
1227 3490 1311 3549 sqq-t

324 3637 326 3640 .
369 3579 525 3660 Ἀπορήσεα
543 3579 601 3639 dein
621 3607 660 3648 τις
678 3586 723 3640 καὶ
745 3588 907 3661 θαυμάσειε,
930 3584 1032 3654 διὰτί,
1055 3585 1118 3661 ὑπὲρ
1139 3588 1206 3645 ἠθῶν
1228 3586 1316 3661 λέγον-

373 3713 413 3755 τες
442 3692 487 3746 καὶ
518 3693 654 3755 πολιτικῆς
686 3692 753 3757 τινὸς
771 3696 974 3768 πραγματείας,
1006 3692 1069 3765 ὑπὲρ
1089 3694 1180 3765 σοφίας
1199 3692 1316 3767 λέγομεν.

371 3798 413 3855 ὅτι
430 3799 494 3864 ἴσως
512 3822 543 3874 γε
561 3808 663 3877 πρῶτον
683 3802 729 3877 μὲν
751 3796 933 3875 οὐδ’ἀλλοτρία
955 3800 1051 3867 δόξειεν
1072 3796 1106 3854 ἄν
1136 3794 1202 3853 εἶναι
1222 3802 1237 3859 ἡ
1260 3802 1318 3855 σκέ-

370 3908 412 3980 ψις
442 3910 459 3968 ἡ
493 3906 558 3983 ὑπὲρ
577 3911 678 3976 αὐτῆς,
701 3907 771 3982 εἴπερ
791 3908 846 3972 tete
867 3908 944 3982 ἀρετή
968 3930 993 3963 κ.
1014 3928 1040 3963 τ.
1064 3908 1089 3961 λ.
1112 3900 1187 3960 Nic.
1210 3900 1258 3977 Vl,
1283 3904 1312 3975 7,

324 4058 327 4063 ,
373 4008 456 4069 Eud.
491 4008 525 4076 V,
556 4012 586 4075 7,
616 4011 696 4069 Met.
720 4011 743 4085 1,
780 4012 807 4085 t,
832 4010 851 4069 2
874 4022 904 4069 et
931 4008 1069 4086 siner,
1093 4008 1130 4071 0.
1160 4012 1180 4073 1.
1211 4010 1260 4087 tn,
1286 4029 1317 4087 p.

373 4122 445 4190 540,
472 4120 568 4181 δη·
590 4122 630 4199 (l)
653 4121 689 4181 de
707 4120 782 4199 Rop.
811 4120 833 4187 l,
866 4118 897 4178 2.
