2817 5009
575 452 618 522 79

130 638 187 703 rias
210 625 334 727 partes,
358 652 413 717 et,
437 633 596 726 quicquit]
620 638 679 703 erit
696 638 730 703 in
751 662 879 732 quaque
902 663 947 723 re,
985 636 1073 731 quod

130 750 292 844 probabile
317 749 416 817 videri
429 753 546 841 possit,
571 750 761 819 eliciendum
785 770 880 845 atque
897 752 1072 823 dicendum

130 859 380 935 Perdisoeudum
395 869 450 953 jus
472 865 573 942 civile,
605 867 838 954 cognoscendae
857 869 962 957 leges,
981 894 1061 961 per·
1137 854 1142 865 ⁸

130 980 277 1073 cipienda
306 982 408 1052 omnis
437 982 629 1071 antiquitas,
661 984 814 1050 senatoria
848 981 1065 1066 consuetudo,

130 1096 298 1189 disciplina
326 1097 372 1161 rei
395 1096 571 1188 publicae,
601 1100 675 1185 jura
707 1100 884 1182 sociorum,
913 1095 1064 1182 foedera,

130 1212 315 1303 pactiones,
338 1235 427 1279 causa
447 1214 573 1304 imperii
592 1212 808 1299 cognoscenda
829 1229 896 1282 est:
920 1211 1068 1281 libandas

129 1328 226 1394 etiam
245 1350 285 1392 ex
308 1328 394 1393 omui
412 1350 526 1414 gerere
549 1329 734 1394 urbanitatis
741 1328 924 1397 facetiarum
935 1327 1067 1419 quidum

130 1444 238 1535 lepos3
278 1471 366 1536 quo,
402 1463 553 1536 tanquam
584 1446 669 1525 sale,
707 1463 931 1539 perspergatur
963 1446 1064 1512 omnis

130 1564 265 1630 orati0.”

172 1678 259 1745 Hinc
290 1700 424 1766 quoque
447 1678 612 1760 Cicero,
647 1677 758 1744 ultimo
793 1677 876 1744 libro
909 1675 952 1743 tle
970 1678 1064 1743 Fini·

129 1795 189 1859 bus
219 1792 294 1878 (1),
326 1815 343 1856 e
377 1792 554 1857 Pisonis
588 1814 747 1878 persona,
782 1807 846 1856 tant
865 1790 1069 1858 Academicos

128 1929 229 1997 quam
248 1906 472 1993 Peripateticos
494 1920 631 1988 veteres,
655 1928 794 1995 quorum
803 1905 954 1996 princeps
973 1906 1064 1973 Ari-

128 2020 333 2104 stoteles,
355 2019 534 2110 sequendos
554 2044 619 2087 esse
629 2043 777 2087 censeas:
803 2068 827 2104 „
838 2022 888 2086 Ex
904 2044 1014 2087 eorum
1026 2024 1060 2103 ,'’

127 2136 257 2228 inquit,
286 2132 448 2225 „seriptis
471 2150 503 2199 et
527 2133 678 2199 institutis
703 2156 778 2199 cum
796 2133 899 2199 omnis
920 2130 1065 2203 doctrina

126 2249 273 2333 liberalis,
297 2250 400 2317 omnis
423 2247 570 2333 historia,
593 2248 695 2316 omnis
716 2271 819 2316 sermo
840 2248 961 2341 elegans
983 2252 1065 2319 sumi

126 2381 252 2459 potest,
285 2382 356 2432 tum
388 2366 516 2432 mistas
548 2380 719 2440 est-anta
743 2365 1066 2448 artiumatnetno

119 2483 197 2548 sine
219 2504 259 2548 co
279 2481 493 2547 instrumento
517 2478 563 2547 a<l=
582 2478 678 2547 ullam
696 2503 766 2547 rem
788 2479 987 2551 illustriorem
1009 2506 1063 2551 ta·

124 2598 164 2663 tis
196 2612 325 2663 ornatus
360 2596 458 2686 possit
490 2594 652 2665 accedere.
695 2595 750 2663 Ab
770 2595 819 2662 his
842 2612 1001 2679 oratores,
1022 2600 1064 2667 ab
1159 2604 1162 2609 “

123 2712 175 2778 his
201 2714 423 2802 imperatores,
458 2737 495 2779 ac
527 2736 642 2779 rerum
670 2710 871 2802 publicarum
900 2712 1064 2804 principes

122 2825 321 2892 exstiterunt.
364 2823 412 2887 Ut
446 2821 488 2887 ad
520 2824 642 2891 minora
659 2825 804 2907 reniam,
832 2825 1064 2910 mathematici,

123 2947 258 3027 poetae,
289 2935 425 3018 musici,
457 2934 574 3001 medici
606 2936 803 3025 ‹lenique-ex
827 2940 890 3007 hac
910 2958 1062 3031 tauqtum

121 3078 161 3119 ex
202 3051 347 3119 omnium
365 3050 481 3115 artium
504 3049 628 3118 officina
661 3052 797 3139 proiecti
821 3057 930 3119 sunt.”
973 3054 1063 3125 Idetu

121 3169 275 3247 Cicero
302 3183 457 3255 spectasse
490 3165 616 3233 videtur
646 3190 741 3250 eum,
764 3170 903 3235 Bruto
922 3171 1062 3239 obseou-

122 3299 234 3364 turus,
256 3286 424 3350 Oratorem
443 3308 538 3365 suum
561 3284 805 3375 conscriberet,¹
822 3284 1059 3355 et-inlibrisde

121 3397 295 3488 Republica
325 3400 484 3486 egregium
504 3401 659 3469 civemet
679 3384 831 3493 optimam
850 3404 894 3471 rei
913 3402 1060 3496 publicae

121 3512 256 3582 sormam
275 3528 481 3605 proponeret.

164 3929 213 4000 (l)
241 3945 267 3986 c.
291 3927 320 3983 3.
366 3924 437 3983 Huic
460 3924 556 3985 similis
577 3924 656 3986 lotus
684 3939 727 3988 est
750 3928 771 3987 1.
798 3931 845 4009 lV,
873 3954 901 3995 e.
926 3937 947 3995 2
970 3951 997 3998 at
1026 3940 1054 3995 3.

122 4036 168 4093 Cf.
200 4036 281 4096 etiam
307 4036 343 4097 de
367 4033 446 4097 Orat.
473 4036 497 4112 l,
531 4036 568 4094 10
598 4050 625 4095 et
657 4036 692 4113 ll,
720 4036 771 4097 58.
