2817 5009
797 462 857 528 152

344 672 443 719 tarrae
473 648 644 719 commodis
681 651 746 715 faui
779 649 895 718 dobere
927 670 1063 733 censet,·
1087 673 1123 720 ut
1158 658 1200 721 sit
1227 661 1291 730 τοῖς

344 776 487 863 πολεμίοις
512 771 717 862 δυσέμβολος,
760 773 854 846 αὐτοῖς
880 769 1060 862 δἐὐὲξοδος,
1087 777 1290 867 εὐσύνοπτος,

345 899 515 985 εὐβοήθητος
542 898 604 986 (l).
646 895 833 964 Cavendum
871 913 975 965 tamen
1009 900 1289 986 maxime'mouet,

347 1039 389 1082 ne
423 1031 615 1084 mercaturae
635 1029 667 1078 et
687 1011 854 1099 navigandi
876 1011 982 1080 studio
1005 1007 1145 1080 avaritia'
1161 1018 1195 1082 iu
1219 1016 1290 1083 dies

348 1136 444 1220 magis
462 1133 585 1213 alatnr3
610 1146 756 1221 oportere
776 1130 871 1214 igitur
893 1145 1003 1216 portus
1021 1147 1053 1196 et
1079 1132 1193 1198 navalia
1211 1151 1288 1224 apte
1395 1181 1396 1204 .

347 1273 412 1314 esse
434 1245 609 1338 disposita,
641 1262 698 1323 nt,
721 1267 782 1312 nec
806 1247 918 1312 urbem
937 1235 1121 1333 oenupent,
1145 1269 1206 1314 nec
1229 1251 1287 1312 ui-

346 1364 405 1427 mis
427 1363 468 1428 ab
490 1385 526 1426 ea
549 1359 689 1439 distent,
712 1360 766 1426 sed
790 1362 1009 1428 communibus
1031 1364 1128 1427 muris
1147 1388 1184 1428 ac
1209 1387 1287 1428 mu-

347 1480 495 1544 nimentis
529 1478 752 1544 contineantur
787 1463 847 1563 (2).
895 1478 977 1542 linea
1000 1477 1095 1566 igitur
1120 1477 1286 1544 commoda

349 1617 424 1657 cum
446 1593 533 1657 uubis
552 1577 676 1658 Romae*
694 1592 769 1656 situs
792 1592 1077 1683 complecteretur,
1102 1617 1176 1660 eum
1196 1617 1288 1683 quo·

351 1731 417 1798 que
450 1708 592 1774 Cicero
621 1708 711 1793 justo
742 1707 846 1792 pretio
868 1707 1059 1788 aestimavit,
1093 1707 1287 1794 magnificis-

353 1847 418 1912 que
438 1820 517 1889 adeo
536 1820 680 1888 laudibus
702 1819 839 1888 extulit=
864 1822 956 1910 „Qul
980 1823 1086 1912 potuit
1110 1820 1248 1889 divinius
1260 1839 1290 1888 et
1396 1871 1397 1912 t

354 1937 501 2002 utilitates
546 1937 715 2028 oomplacti
744 1936 911 2002 maritimas
945 1934 1131 2002 Romulus
1163 1952 1195 2000 et
1219 1936 1291 2002 vitia
1396 1915 1397 1974 l

352 2055 476 2118 vitare?
511 2051 608 2142 quani
638 2049 726 2142 quod
749 2053 862 2116 urbem
881 2051 1041 2141 peremnis
1061 2051 1161 2116 amnis
1180 2066 1212 2116 et
1235 2074 1289 2116 aa·
1396 2035 1397 2046 ἵ

357 2167 491 2258 quahilis
516 2169 605 2231 etin
625 2191 709 2232 matie
740 2166 800 2231 late
827 2167 988 2234 influentis
1019 2169 1124 2259 posuit
1142 2169 1175 2232 in
1201 2168 1290 2256 ripa,

352 2255 422 2372 ⁴quo
446 2296 549 2371 posset
568 2283 646 2348 tu'bs
664 2298 697 2346 et
718 2283 862 2372 accipere
879 2307 918 2346 ex
950 2279 1049 2363 mari,
1082 2307 1147 2370 quo
1168 2299 1293 2367 egeret,

355 2417 387 2464 et
410 2395 564 2475 neddeue,
587 2420 654 2484 quo
679 2395 888 2463 redundaret:
911 2395 1140 2488 eodemqua‘ut
1161 2397 1291 2464 flumine

356 2535 405 2578 res
438 2510 479 2578 ad
508 2512 628 2579 victum
664 2511 852 2602 cultumque
873 2513 1006 2580 maxime
1028 2512 1206 2579 necessarias
1226 2535 1291 2577 uon

357 2627 458 2695 solum
478 2627 557 2692 mari
578 2625 781 2709 absorberet,
804 2623 860 2692 sed
882 2627 975 2702 etiam
992 2628 1128 2696 invectas
1138 2627 1291 2717 acciperet
1397 2619 1398 2634 ¹

329 2745 395 2808 “ex
415 2743 520 2807 terra”
544 2739 604 2825 (3).
672 2789 675 2796 .

404 2857 454 2922 Ex
479 2853 528 2920 his
549 2851 645 2934 lucis,
666 2857 724 2920 etsi
744 2877 807 2922 non
831 2879 937 2921 omnes
959 2854 1068 2927 eadem
1080 2859 1197 2925 trutina
1206 2880 1291 2949 pon-

360 2969 520 3040 derandos
549 2995 613 3036 esse
644 2969 821 3048 confitear,
845 2971 907 3038 hoc
927 2970 1036 3038 saltem
1056 2987 1204 3064 apparet,
1228 2973 1292 3040 Ci-

362 3113 548 3162 ceronem
586 3111 625 3152 ex
651 3087 788 3154 Politicis
819 3086 906 3154 libris
942 3087 1180 3159 Aristotelis
1209 3085 1292 3154 haud

363 3229 480 3296 parum
512 3202 677 3291 proiecisse
709 3225 825 3289 eosque
844 3200 922 3269 adeo
940 3201 1106 3289 diligenter
1129 3205 1169 3268 ah
1189 3227 1226 3269 eo
1246 3203 1291 3270 le·

364 3336 431 3385 ctos
453 3319 561 3384 fuisse:
600 3318 692 3382 Juvat
721 3317 814 3398 etiam
843 3315 904 3382 hoc
925 3317 994 3399 luco
1013 3318 1168 3407 quaedam
1191 3341 1208 3381 e
1231 3319 1291 3384 Ci-

364 3432 521 3498 ceronis
543 3427 736 3520 Epistolis
758 3417 940 3520 apponere,
964 3457 984 3496 e
1009 3435 1293 3525 quibusappareut‚

364 3584 405 3625 ne
430 3555 662 3626 Aristotelis
684 3555 815 3642 quidem
838 3553 1077 3643 συμβουλευτικὸν
1110 3557 1179 3646 πρὸς
1217 3557 1293 3624 Αλέ-

367 3679 491 3772 ξανδρον
513 3712 530 3750 a
553 3686 751 3764 Cicerone
774 3684 952 3770 neglectum
973 3683 1075 3750 inisse.

408 3861 448 3936 (l)
472 3859 532 3921 Pol.
561 3860 621 3935 vll,
648 3862 677 3920 5.
724 3860 763 3936 (l)
788 3860 830 3918 lb.
858 3875 884 3918 t.
908 3859 939 3920 6.
967 3859 1011 3918 Cf.
1042 3879 1067 3918 u.
1102 3860 1150 3920 ll.
1203 3861 1295 3937 (dide

364 3969 440 4046 ssep.
480 3969 517 4043 ll,
550 3970 581 4027 5.
611 3970 654 4029 (ll.
679 3989 706 4028 a.
735 3968 783 4027 18.
808 3968 877 4028 Vide
903 3969 986 4030 etium
1011 3969 1297 4031 Wichtrum·van

366 4079 586 4154 Swinderen‚
610 4080 677 4140 diss.
704 4079 780 4139 laud.
809 4100 839 4158 p.
870 4081 936 4142 158.
1014 4093 1017 4100 ’
