2817 5009
810 465 872 534 lat

384 667 478 719 cutus
507 651 559 718 ait.
604 649 677 716 Pari
707 648 823 733 ingenii
843 647 987 715 acumine
1008 647 1043 713 in
1067 646 1154 713 lihria
1174 649 1240 715 suis
1266 654 1337 719 Ρο-

382 765 475 833 liticie
511 765 607 833 rarlaa
634 762 875 851 legumlatorum
902 762 1096 839 sententies,
1145 764 1334 855 Spartano-

257 886 263 899 ’
384 904 479 966 rum,
511 881 731 964 cronacum,
752 878 1093 965 vCarthaginientiutn,
1139 879 1334 948 Athenien-

381 994 465 1063 sinn
481 994 813 1088 rerumpublicarum
837 993 972 1077 formas,
1000 994 1169 1061 contrarias
1198 994 1242 1062 de
1276 1020 1334 1061 re-

384 1134 450 1197 gno
478 1113 654 1201 ceterisque
679 1112 715 1177 in
743 1112 866 1179 civitate
887 1111 1165 1181 constitutionibus
1187 1128 1331 1179 centen-

384 1227 442 1293 tiat
463 1226 573 1294 critico
593 1226 730 1297 examini
750 1227 897 1315 subjecit

428 1339 477 1409 Ut
497 1339 600 1407 chiter
622 1362 792 1423 moneam,
821 1339 948 1410 criticae
966 1338 1250 1430 Peripateticorum
1273 1340 1329 1407 di-

384 1453 583 1547 cquiaiticnee
617 1480 657 1523 ex
687 1456 748 1525 hac
779 1454 935 1547 praeclara
967 1452 1109 1523 doctriua
1135 1454 1329 1545 prodierunt

385 1570 560 1663 pmmrrltac
588 1570 663 1663 (l),
697 1574 740 1639 ita
760 1571 1022 1641 Heraclides
1051 1574 1264 1655 Ponticus
1288 1574 1329 1641 de

384 1688 481 1758 achat
513 1688 676 1781 publicio,
715 1689 910 1757 Phanias
944 1687 986 1757 de
1017 1689 1146 1756 historia
1178 1690 1326 1783 philoso-

383 1804 480 1895 ph'na
527 1803 613 1895 (2),
662 1805 965 1877 Dicaearchus
1004 1819 1036 1871 et
1071 1807 1325 1873 Demetrius

383 1921 635 1991 Phalerena
654 1920 697 1989 de
719 1924 863 2010 gentium
884 1920 1011 1989 historia
1032 1922 1240 2013 scripserunt.

425 2038 465 2106 ln
478 2054 564 2106 tanta
572 2037 821 2127 fragmentorum
833 2038 958 2127 inopia,
972 2037 1114 2128 quamvis
1125 2037 1160 2101 in
1172 2036 1234 2105 hac
1246 2039 1322 2105 item

384 2170 509 2222 nonnae
548 2152 776 2244 diaquiaitionic
799 2136 897 2246 ‘parte
928 2177 1055 2240 magnas
1094 2151 1187 2221 luisse
1217 2154 1323 2223 laudes

382 2271 637 2339 Aristotelis
671 2288 843 2366 appareat,
866 2296 927 2340 nec
949 2270 1051 2349 studia
1075 2274 1142 2360 ejus
1174 2273 1321 2341 historica

380 2387 1320 2481 cumhiatoriciaCicaronisscriptioinqnihusunice
1394 2442 1395 2474 ,

382 2486 656 2573 Aristotelio
691 2505 852 2593 pigmenta
886 2500 935 2595 (3)
958 2500 1150 2587 laudantur,
1171 2526 1232 2573 nec
1251 2507 1320 2592 ejus

379 2645 463 2714 opna
486 2621 529 2691 de
552 2624 679 2691 historia
707 2620 946 2714 philosophiae,
968 2624 1061 2710 cnjus
1094 2645 1166 2710 pars
1196 2638 1319 2689 tantam
1393 2710 1394 2718 ἵ

381 2748 525 2820 cuperant
548 2734 583 2799 in
607 2732 692 2801 libro
716 2731 757 2801 de
778 2734 1086 2827 Xenophane,
1118 2735 1159 2802 de
1190 2740 1316 2805 Zeno·
1393 2720 1394 2734 ἵ

380 2869 459 2930 ne,
493 2843 536 2912 de
566 2847 732 2935 Gorgia
765 2846 838 2937 (4),
870 2874 946 2942 cum
980 2850 1227 2919 Hortensio
1257 2856 1317 2921 sire

379 3098 453 3160 torm
480 3098 556 3176 tort,
579 3099 686 3161 welche
715 3098 763 3160 dic
787 3099 941 3179 wenigsten
967 3100 1055 3161 Uahal
1078 3100 1123 3161 star
1140 3102 1224 3181 jedes
1236 3122 1315 3183 gege-

329 3209 331 3214 ’
380 3210 453 3271 hene
490 3208 564 3269 Vollr
601 3206 758 3287 uberhaupt
777 3202 868 3268 haben
892 3207 1035 3269 mochtc.''
1079 3211 1118 3287 (l)
1141 3210 1177 3270 de
1201 3210 1260 3271 Fir.
1278 3212 1312 3288 V,
1392 3232 1393 3245 ¹

380 3319 413 3378 3.
457 3318 498 3394 (Ξ)
533 3316 711 3391 Brdckcr,
742 3314 777 3374 0.
811 3317 832 3376 Ι.
867 3318 890 3384 l,
911 3338 942 3396 p.
966 3316 1046 3386 857,
1074 3318 1199 3388 Stahr,
1222 3321 1256 3399 ll,
1283 3342 1314 3401 p.

380 3425 433 3485 81.
477 3424 519 3501 (ὅ)
549 3422 587 3482 ad
619 3422 693 3483 An.
737 3423 773 3492 tl,
808 3423 863 3504 Ep.
897 3428 925 3486 l.
970 3428 1010 3504 (l)
1033 3426 1089 3489 eff.
1106 3428 1165 3488 Ph.
1192 3430 1227 3489 G.
1250 3450 1314 3493 van

380 3532 537 3600 chadc,
574 3531 657 3591 Char.
694 3551 726 3611 p.
772 3533 841 3611 tet,
880 3534 941 3595 att
978 3547 1006 3597 ct
1042 3538 1115 3599 Am.
1143 3538 1311 3619 lacqucs,

378 3644 541 3705 Arietate
560 3641 707 3703 concidere
725 3661 834 3704 comme
855 3645 989 3706 historica
1010 3647 1046 3708 dc
1071 3638 1311 3729 ta'plilosoplie,

377 3753 514 3827 Paris,
550 3752 655 3828 {8373
691 3753 859 3833 Krische,
903 3754 985 3819 0.1.
1016 3778 1046 3837 p.
1076 3759 1127 3837 89,
1159 3760 1213 3821 hoc
1246 3763 1315 3842 frag-

377 3878 502 3926 mentum
543 3882 615 3942 apua
647 3868 861 3946 ὑπομνηματικὸν
898 3866 983 3929 tuisse
1026 3882 1140 3949 putat3
1191 3874 1311 3953 equidem

378 3971 569 4035 acroamaticia
601 3988 751 4032 acceuscrc
784 3984 813 4033 ct
847 3994 898 4056 pro
926 3988 1005 4055 parte
1035 3978 1147 4059 majoris
1168 3982 1258 4059 operis
1275 3984 1309 4044 dc

375 4082 554 4163 Philoaophia
580 4082 683 4146 hahere
707 4080 810 4145 malim.
1281 4096 1282 4099 ’
