2817 5009
566 458 611 525 67

110 642 252 717 tertium,
289 640 380 731 quod
410 644 446 707 in
474 638 638 707 laudmd's
668 657 724 709 aut
745 641 967 733 vituperandis
984 642 1054 713 ho·

111 756 249 823 minibus
278 750 471 845 nanuum:
513 772 679 847 certosque
709 780 773 827 esse
792 756 906 843 locos,
929 760 1053 853 quihus

25 883 27 888 “
111 874 144 937 in
161 870 291 960 juditiis
313 888 493 957 uteremur,
516 874 553 939 in
574 873 694 963 quibus
714 873 855 963 aequitas
876 896 1050 964 quaestin-

112 1004 185 1055 tur:
216 988 289 1055 alios
310 989 343 1053 in
364 986 659 1073 dathenrtonibm,
682 988 741 1078 qni
765 1008 873 1057 omnes
896 988 938 1057 sd
959 989 1051 1059 utili·-

108 1122 206 1171 tatem
235 1104 447 1191 dirigerentur
467 1130 594 1189 suum,
617 1106 737 1198 quibus
758 1104 924 1175 eonsilium
954 1105 1051 1177 dare-s

108 1245 202 1289 must
237 1219 309 1286 alios
342 1222 417 1287 item
450 1224 486 1287 in
512 1222 770 1307 laudationibus,
802 1224 837 1289 in
868 1224 992 1315 'quilius
1009 1224 1053 1292 d

106 1352 316 1419 personarunt
337 1332 543 1420 dignitatem
586 1338 691 1403 omniu
733 1337 970 1422 referrentur-”3
1005 1334 1048 1404 ita

110 1470 242 1538 qnoque
270 1449 513 1519 Aristoteles
545 1452 598 1541 (l)
617 1454 773 1521 suasiones
795 1455 902 1541 generi
922 1452 1048 1523 delibes

105 1564 227 1647 nevo,
249 1564 441 1635 laudationes
461 1567 709 1638 demonstrativo
736 1588 893 1639 accenset.
932 1636 934 1641 ,

149 1682 197 1747 De
240 1697 377 1771 utroque
409 1707 523 1769 genere
556 1687 779 1774 quaestionum
819 1688 977 1753 Cicero
1008 1689 1047 1755 iu

102 1798 238 1867 Oratore
258 1818 372 1877 agensz
398 1796 748 1877 ‚,Aristoteles‚’'
772 1797 902 1885 iuquit,
926 1797 961 1863 in
984 1796 1049 1866 hau

104 1911 310 2001 quaestione,
331 1935 411 2000 quae
431 1938 482 1995 „a
504 1912 643 1999 propriis
669 1913 810 2002 personis
832 1928 865 1979 et
889 1915 1047 2003 tempori.

101 2035 187 2112 bus,
213 2024 253 2093 ad
277 2027 413 2094 universi
444 2030 567 2115 generis
588 2028 764 2121 orationem
783 2026 955 2117 traducta,
979 2054 1049 2122 ap«

101 2150 239 2242 pellatur
272 2150 346 2225 θέσις
379 2148 450 2239 (2),
483 2147 715 2252 adnleseentes,
739 2172 805 2217 nou
834 2146 875 2217 sd
897 2148 1044 2242 philoso-

102 2267 244 2357 phorum
266 2290 387 2338 morem
413 2267 547 2333 tenuiter
570 2262 764 2348 disserendi,
787 2264 843 2333 ssd
865 2264 906 2333 ad
919 2269 1045 2361 sopiens

100 2383 289 2465 rhetorum,
309 2384 345 2448 in
365 2398 531 2473 utramque
553 2398 698 2474 partem,
721 2397 757 2447 ut
765 2381 904 2451 onustius
914 2398 947 2451 et
956 2383 1042 2451 ube-

99 2501 180 2566 rius
200 2496 265 2567 diei
302 2516 425 2589 posset,
470 2500 634 2567 exercuit:
677 2496 828 2587 idemque
862 2498 948 2567 looos
982 2498 1043 2586 (siu

95 2617 183 2682 enim
205 2614 357 2707 appellat)
380 2616 470 2706 quasi
489 2630 747 2701 argumentorum
769 2630 857 2683 notus
880 2612 1039 2703 tradidit,

97 2730 185 2796 unde
211 2732 313 2797 omnis
341 2732 377 2795 in
410 2748 579 2824 utramque
615 2746 740 2826 partem
764 2728 941 2815 traheretur
962 2753 1038 2801 ors-

97 2849 166 2914 tio’'
190 2845 249 2930 (3).
295 2844 404 2911 Altera
424 2867 499 2911 vero
517 2847 657 2933 quaestio
677 2862 723 2913 est
747 2847 781 2915 iu
804 2845 954 2932 sugendis
964 2868 1036 2917 ant·

94 2963 343 3062 plificandisque
377 2967 506 3048 rebus,
549 2992 567 3030 a
604 2969 733 3033 Graecis
773 2968 891 3045 αὔξησις
926 2974 1036 3037 uomi-

96 3098 191 3163 nata,
228 3128 254 3165 „
270 3102 373 3169 quae,
402 3080 459 3145 etsi
484 3076 689 3168 aequabiliter
708 3094 775 3147 toto
808 3104 939 3174 corpore
963 3107 1039 3151 ora-

96 3196 188 3263 tionis
210 3194 280 3261 fusa
298 3218 361 3268 esse
385 3191 503 3282 debet,
528 3210 635 3263 tamen
662 3196 697 3261 in
720 3198 941 3265 communibus
960 3198 1038 3269 locis

9 3327 12 3337 ⁴
93 3312 227 3379 maxime
257 3308 422 3377 excellet.''
439 3349 486 3363 --
507 3310 708 3399 „Augendis
747 3337 820 3382 vero
855 3316 964 3401 rebus,
1002 3339 1035 3389 et

94 3443 207 3493 eontra
232 3418 438 3515 abjiciendis,
473 3427 553 3495 nihil
574 3448 643 3514 est,
678 3432 767 3524 quod
790 3458 856 3501 non
878 3434 1038 3525 perficere
1114 3444 1119 3452 “

93 3543 192 3631 possit
225 3545 345 3610 oratio:
381 3540 468 3631 quod
503 3561 534 3608 et
555 3546 762 3615 intermedia
780 3555 995 3636 argumental
1013 3596 1034 3612 -
1089 3597 1090 3601 =

93 3656 244 3725 ciendum
273 3675 339 3734 est,
379 3660 631 3748 quotiescunque
662 3659 790 3729 dabitur
814 3664 863 3732 vel
890 3667 1033 3761 ampliss-

131 3857 172 3933 ll)
195 3856 278 3917 thet.
300 3858 324 3934 l,
355 3859 386 3917 5.
409 3857 454 3918 Cl.
487 3859 678 3929 Quincti.
709 3858 745 3919 0.
776 3861 825 3941 lll,
856 3868 883 3925 e'.
914 3868 946 3941 d,
973 3866 1031 3949 §2

90 3981 118 4029 st
146 3976 175 4027 ε’.
199 3969 228 4027 5.
272 3968 313 4046 (2)
333 3968 439 4029 Arist.
468 3969 550 4030 Aual.
577 3970 654 4031 Post.
683 3972 705 4038 l,
732 3970 763 4039 i,
792 3992 822 4053 p.
853 3976 904 4057 72,
936 3998 962 4036 a.
988 3978 1034 4035 ts'

89 4093 153 4154 sqq.
201 4076 239 4152 (3)
261 4094 289 4137 e.
317 4077 365 4137 ll.
393 4077 439 4137 Cl.
463 4078 498 4142 de
523 4077 600 4139 Orat.
626 4080 739 4158 tuse.

867 4190 916 4260 5*.
