2817 5009
1168 437 1254 507 31

275 645 375 696 ter
450 625 782 718 exposuit,
859 645 981 692 nee
1057 623 1168 689 ubi
1251 620 1335 689 de
1394 622 1612 691 morali
1680 622 1970 694 doctrina
1998 674 2017 711 ,
2089 615 2175 694 de

273 744 554 813 hominis
619 758 684 809 et
747 739 1158 806 animantium
1231 740 1519 807 omnium
1573 756 1794 811 natura
1867 746 2157 834 quaerit,

280 861 514 953 placita
596 857 965 949 principum
1037 853 1599 947 philosophorum,
1695 858 2151 944 Platonis,

281 977 712 1044 Eleatieorum
732 1020 753 1055 ‚
814 974 851 1039 J
853 973 1183 1040 onieorum
1203 1020 1225 1056 ,
1295 975 1632 1040 sententias
1687 974 2152 1068 Sophistarum,

282 1091 720 1171 medicorum,
779 1097 1144 1180 poetarum,
1178 1087 1472 1176 neglexit.

381 1202 729 1272 Redeamus
786 1226 934 1273 vero
994 1202 1172 1270 unde
1229 1205 1430 1272 exorsi
1482 1228 1719 1274 sumus.
1765 1239 1859 1257 —-
1900 1207 2150 1275 Cras-

284 1346 314 1387 s
337 1347 378 1387 u
398 1344 428 1386 s
447 1369 468 1404 ,
560 1320 864 1408 quamvis
956 1318 1314 1425 Platonicae
1406 1318 1841 1414 philosophiae
1934 1342 2146 1390 amore

288 1437 555 1503 maxime
620 1434 900 1520 duetus,
992 1434 1606 1503 Aristotelem
1677 1452 1889 1505 tamen
1944 1439 2148 1506 mini-

287 1575 388 1617 me
442 1549 766 1639 neglexit3
841 1553 980 1639 ejus
1044 1552 1216 1617 enim
1279 1552 1529 1645 copiam
1586 1567 1653 1619 et
1708 1550 1968 1623 dieendi
2026 1577 2144 1624 va·-

281 1669 570 1733 rietatem
627 1667 942 1758 imprimis
1009 1664 1361 1735 admiransz
1481 1714 1527 1751 ‚‚
1568 1667 1639 1735 Si
1698 1668 1866 1737 illam
1880 1671 1954 1754 ,”
2036 1674 2150 1737 in-

286 1784 430 1871 quit
476 1780 575 1867 (l)
606 1830 628 1862 ‚
703 1829 751 1863 ‚‚
775 1780 1158 1870 praeclaram
1194 1796 1259 1845 et
1293 1781 1588 1845 eximiam
1620 1784 1895 1870 speeiem
1938 1799 2157 1853 orato-

284 1896 369 1960 ris
431 1894 701 1986 perfecti
743 1910 810 1960 et
841 1891 1343 1984 pulcritudinem
1385 1891 1713 1961 adamastis
1736 1944 1757 1979 ,
1828 1913 1936 1963 aut
1980 1899 2157 1966 vobis

282 2009 442 2079 haee
498 2008 1049 2094 Carneadia,
1117 2022 1228 2074 aut
1284 2006 1383 2073 illa
1441 2006 1999 2076 Aristotelia
2062 2014 2156 2079 vis

283 2123 888 2218 comprehendenda
935 2142 1028 2191 est
1049 2124 1120 2207 ‚”
1171 2139 1236 2189 et
1277 2121 1397 2191 alio
1436 2121 1577 2191 loeo
1624 2121 1756 2212 (2)2
1820 2125 1991 2209 „Sin
2030 2127 2149 2196 ali·-

285 2244 432 2334 quis
471 2243 776 2309 exstiterit
818 2237 1180 2333 aliquando,
1225 2241 1343 2329 qui
1391 2237 1679 2307 Aristo
1704 2240 1935 2310 telio
1976 2264 2153 2312 more

283 2355 367 2425 de
426 2358 727 2425 omnibus
763 2359 956 2424 rebus
1021 2356 1091 2422 in
1133 2371 1473 2445 utramque
1506 2370 1754 2447 partem
1790 2359 1986 2447 possit
2038 2357 2151 2425 di-

287 2496 428 2540 cere
450 2522 469 2558 ,
535 2490 600 2541 et
659 2475 727 2539 in
791 2474 968 2540 omni
1034 2492 1214 2539 eausa
1258 2468 1416 2537 duas
1452 2472 1787 2538 oon'trarias
1823 2475 2155 2559 orationes,

281 2589 643 2681 praeceptis
682 2588 846 2655 illius
895 2588 1198 2676 cognitis,
1258 2587 1601 2679 explicare,
1651 2603 1761 2653 aut
1809 2588 1937 2658 hoe
1972 2591 2150 2658 Ar·-

281 2698 634 2769 eesilae
680 2699 916 2784 mod0‚
964 2716 1037 2766 et
1075 2698 1647 2782 Carneadis,
1685 2715 1900 2769 eontra
1937 2727 2152 2791 omne,

280 2814 460 2905 quod
529 2817 922 2907 propositum
992 2817 1117 2900 sit,
1185 2812 1491 2901 disserat3
1568 2816 1812 2909 quiquo
1870 2818 1955 2887 ad
2013 2844 2151 2889 eam

274 2931 588 2997 rationem
623 2927 930 3016 adjungat
969 2929 1152 2997 hune
1185 2929 1577 3000 rhetoricum
1617 2959 1828 3020 mum,
1862 2960 2149 3007 morem-

278 3070 407 3139 que
484 3046 1126 3137 exercitationemque
1189 3042 1488 3130 dicendi,
1553 3049 1604 3114 is
1667 3052 1749 3118 sit
1814 3075 2033 3140 verus,
2098 3056 2154 3132 is

274 3161 632 3251 perfectus,
694 3162 748 3227 is
788 3160 953 3229 solus
987 3162 1287 3229 orator-'²

363 3278 456 3345 Ut
497 3279 764 3345 Cicer
787 3301 828 3345 o
870 3276 1023 3344 inde
1061 3304 1093 3344 a
1138 3278 1404 3369 pueritia
1440 3302 1689 3350 summo
1726 3282 1938 3354 studio
1970 3286 2143 3357 An-

275 3396 626 3461 tonium
684 3410 749 3459 et
815 3395 1236 3461 Crassum
1305 3395 1620 3483 coluerat,
1681 3400 1770 3467 ita
1812 3407 2148 3474 maturiore

271 3524 468 3576 aetate
510 3532 661 3604 prae
713 3509 931 3577 ceteris
967 3510 1059 3598 Q.
1103 3510 1473 3579 Fratrem
1518 3512 1613 3602 (3)
1666 3530 1732 3580 et
1766 3518 1853 3584 T.
1896 3520 2139 3587 Pom..

269 3629 646 3716 ponium,
693 3640 1034 3719 quem,ut
1058 3624 1324 3694 alterum
1362 3627 1628 3697 fratrem
1654 3682 1678 3719 ,
1718 3634 1983 3704 amicitia
2022 3623 2144 3704 sibi

258 3918 377 3975 Inv.
426 3910 498 3973 11.
541 3910 606 3969 2.
691 3910 774 3985 (1)
819 3908 891 3968 de
947 3907 1109 3971 Orat.
1155 3908 1256 3987 ΠΙ,
1309 3910 1403 3976 19.
1493 3914 1575 3993 (2)
1621 3916 1703 3977 ll).
1760 3935 1816 3979 e.
1861 3917 1964 3980 21.
2062 3918 2148 3994 (3)

258 4019 331 4077 ad
365 4018 440 4089 Q.
487 4020 583 4079 Fr.
630 4019 727 4085 ln,
757 4016 864 4096 Ep.
908 4019 959 4085 1,
997 4037 1053 4079 e.
1096 4020 1162 4078 4.
