2817 5009
544 549 584 613 21

90 726 133 794 tie
163 730 290 817 singulis
328 730 422 797 rebus
462 732 496 794 in
533 745 699 818 utramque
741 744 864 819 partem
897 727 1029 795 dicendi

90 846 271 931 exercitatio
313 860 359 911 ert
395 844 555 927 instituta,
598 861 635 910 ut
676 868 743 911 non
775 858 885 912 eontra
922 824 1028 911 omnia

90 982 239 1050 semper,
263 960 345 1027 siout
375 959 547 1043 Arcesilas,
585 956 726 1038 diceret,
762 976 794 1025 et
829 973 957 1040 tamen,
991 975 1027 1024 ut

90 1075 125 1139 in
161 1075 311 1141 omnibus
342 1076 458 1158 rebus,
500 1071 661 1167 quidquid
693 1093 733 1141 ex
772 1089 907 1162 utraque
941 1088 1032 1160 parte

90 1186 160 1256 diei
193 1204 315 1278 posset,
345 1208 553 1283 expromeret.
597 1192 711 1281 Quum
729 1208 834 1257 antem
852 1190 939 1255 tertia
958 1214 1032 1278 pars

89 1306 178 1371 bene
203 1304 328 1373 vivendi
349 1325 516 1399 praecepta
549 1322 735 1395 quaereret,
770 1330 804 1373 ea
828 1332 958 1397 quoque
982 1322 1030 1373 ast

91 1415 268 1481 abeodem
288 1440 354 1484 non
375 1416 476 1484 solum
498 1414 538 1483 ad
568 1416 709 1511 privatae
739 1420 819 1484 vitae
849 1421 1026 1501 rationem,

91 1528 262 1599 sedetiam
288 1530 329 1598 ad
359 1508 691 1625 rerumpublicarum
718 1534 892 1603 rectionem
921 1534 1027 1602 relata.

93 1652 252 1717 Omnium
280 1650 345 1717 sere
372 1654 551 1731 civitatum,
575 1676 643 1722 non
662 1653 811 1719 Graeciae
825 1651 950 1733 solum,
973 1650 1030 1719 sed

93 1766 188 1832 etiam
221 1767 386 1832 Barbarion
410 1763 478 1852 (l),
529 1766 570 1831 ab
607 1764 874 1831 Aristotele
913 1790 1033 1846 mores,

19 1886 23 1893 '
91 1881 259 1961 instituta,
275 1875 456 1971 disciplinas
469 1926 478 1959 ,
489 1916 532 1931 --
545 1877 671 1969 qualem
690 1881 725 1945 in
747 1901 781 1942 re
798 1876 925 1968 publiea
937 1881 1034 1969 prin-

94 1998 203 2088 oipem
224 2018 288 2063 esse
311 1995 513 2076 conveniret,
546 1996 603 2085 qui
633 1975 712 2060 esset
737 1995 877 2085 optimus
900 1997 944 2060 rei
964 2021 1032 2084 pu-

95 2110 198 2179 blicae
226 2127 340 2187 status,
366 2147 412 2163 -
445 2111 655 2197 eognovimus.
702 2110 791 2175 Vitae
830 2124 936 2175 autem
971 2108 1033 2175 de·

94 2225 219 2311 gendae
246 2228 326 2294 ratio
354 2227 489 2293 maxime
525 2223 658 2317 quidem
686 2230 720 2291 er'
756 2222 877 2317 placuit
911 2228 1034 2319 quieta,

98 2345 136 2409 in
172 2340 433 2435 contemplatione
473 2358 506 2409 et
548 2341 726 2429 cognitione
767 2343 866 2433 posita
903 2366 1034 2411 rerum:

101 2481 204 2547 quae,
229 2458 301 2548 quia
334 2455 467 2525 deorum
488 2471 553 2523 erat
584 2456 664 2522 vitae
699 2454 871 2538 simillima,
900 2460 1040 2547 sapiente

100 2576 165 2656 visa
185 2590 232 2639 est
253 2571 452 2660 dignissima,
484 2588 579 2665 atque
606 2571 656 2638 his
684 2570 841 2639 derebus
870 2590 903 2639 et
923 2574 1037 2665 aplan-

98 2685 178 2754 dida
202 2702 248 2755 est
265 2690 338 2775 rjus
352 2704 384 2755 et
405 2688 530 2753 illustris
556 2687 687 2754 oratio.'’
733 2688 782 2753 Ne
808 2710 898 2774 aegre
916 2688 1040 2774 feratis,

10 2846 12 2851 ·
99 2806 387 2891 Lectores,ms
404 2818 507 2869 totum
518 2802 608 2869 huno
619 2799 726 2869 locum
736 2799 956 2893 descripsisse3
973 2828 1039 2894 qno

99 2919 189 2985 enirn
202 2913 298 2982 modo
318 2913 446 2998 melius,
467 2930 499 2979 et
513 2914 786 2981 Aristotelis
805 2920 1043 3005 praestantiam,

100 3030 144 3100 et*
178 3030 418 3100 Ciceronis
452 3026 715 3111 admirationem,
745 3031 838 3097 simul
865 3035 1042 3124 exprimere

102 3151 304 3241 potuissem?
350 3148 454 3217 Aurea
478 3166 555 3217 sant
577 3148 689 3235 verba,
714 3174 733 3216 e
761 3152 900 3243 quibes,
920 3158 1047 3243 quoties

103 3264 310 3355 profanarim,
335 3262 440 3335 dioere
471 3268 525 3334 rix
559 3290 699 3357 possum.

143 3380 235 3448 ¹Haeo
263 3381 298 3447 in
331 3404 475 3473 praesens
517 3380 559 3450 de
601 3384 871 3455 Aristotele
909 3394 1042 3483 ejusque

106 3496 231 3588 seriptis
269 3486 447 3579 sufficiant,
475 3498 614 3585 singula,
652 3500 732 3589 q'uae
767 3500 833 3571 hoe
857 3507 1040 3597 pertinent,

104 3610 202 3677 fusim
223 3634 281 3679 suo
300 3610 373 3681 loeo
388 3616 593 3705 exponemus.
761 3618 766 3625 '

150 3865 191 4033 (15)
216 3871 313 3949 νόμιμα
331 3876 484 3953 βαρβαρικά
506 3872 556 3933 Va
571 3894 665 3951 rro,
705 3877 785 3959 iring.
829 3882 890 3943 Lar.
916 3884 977 3962 Vll,
1008 3836 1042 3964 ii,

112 3992 144 4051 p.
191 3975 242 4036 et.
