2817 5009
111 669 254 766 corpmis
284 693 345 736 nec
364 672 513 742 membris
532 673 579 736 nti
598 695 657 740 nec
677 676 820 742 sensibus
845 695 968 767 potest,
986 683 1049 748 'in-

110 787 192 856 cidit
220 789 255 854 itt
288 786 360 854 viar
377 789 461 853 varia
489 803 521 853 st
544 789 688 874 ineerta,
711 815 750 858 ex
772 793 931 884 reliqniis,
955 814 990 864 ut
1009 802 1051 866 sit

111 901 380 984 Aristoteles,
415 902 652 970 inhaerentibus
669 929 778 974 esrum
798 921 931 994 rerum,
973 939 1062 1005 quas·

111 1019 243 1105 vigilans
266 1018 391 1104 gesserit
412 1035 466 1083 tut
487 1020 676 1106 cogitaverit.
707 1025 853 1114 Quarum
876 1032 1050 1116 perturba-

110 1138 201 1203 tione
233 1132 387 1199 mirabiles
412 1133 574 1202 interdum
600 1139 754 1205 exsistunt
774 1144 892 1234 species
910 1148 1051 1222 somnio-

110 1252 222 1318 rum'’.
284 1250 331 1315 Ea
366 1248 628 1334 Aristoteles,
653 1271 717 1320 tem
748 1258 781 1323 in
804 1260 1052 1330 Problematibus

111 1373 191 1454 suis,
224 1371 379 1458 quentin
405 1369 529 1438 laudato
549 1371 726 1459 fragmento
750 1394 781 1443 et
807 1381 841 1446 in'
858 1380 961 1450 libello
986 1388 1050 1476 περὶ

113 1495 268 1575 mur,
289 1491 428 1562 tradidit.

159 1611 269 1697 Magni
289 1612 530 1677 Ciceronem
549 1612 655 1680 secisse
669 1609 1049 1696 Aristotelisdssom-

112 1728 173 1793 niis
210 1727 395 1792 sententiam
414 1726 477 1823 hoc
498 1729 620 1814 egregio
639 1728 728 1812 locu,
753 1758 819 1822 quo
837 1737 1050 1822 fragmentum

112 1866 152 1908 ex
186 1839 363 1907 Eudemo
395 1841 488 1906 latine
520 1843 703 1934 expressisse
734 1845 859 1914 ridetur
887 1853 956 1942 (Ι),
980 1861 1050 1926 satis

103 1973 268 2048 apparet:
314 1955 459 2046 „Quidi
493 1957 640 2044 singulari
668 1962 717 2026 vir
737 1964 863 2050 ingenio
887 1971 1048 2042 Aristo·

114 2074 225 2155 teles,
259 2089 290 2138 et
319 2078 419 2162 paene
454 2071 582 2156 divine,
619 2077 728 2164 ipsene
759 2098 862 2166 errat,
901 2111 940 2151 att
975 2083 1048 2158 alios

113 2191 181 2257 vult
203 2192 334 2255 errare?
359 2213 462 2278 quum
485 2190 616 2272 scribit,
640 2191 861 2263 Eudemum
881 2201 1046 2290 Cyprium,

112 2308 294 2378 familiarem
330 2284 446 2386 suum,
480 2309 539 2371 iter
570 2310 604 2371 in
630 2309 849 2380 Macedoniam
882 2317 1048 2392 facientem

102 2425 229 2492 Pheras
249 2423 389 2505 venisse3
403 2459 449 2472 -
477 2424 511 2485 in
535 2445 572 2488 eo
590 2423 685 2508 igitur
706 2427 829 2518 oppido
849 2431 890 2497 ita
914 2440 1047 2520 graviter

112 2563 239 2627 aegrum
260 2536 482 2605 Eudemum
505 2537 618 2618 fuisse,
643 2555 678 2604 ut
697 2567 805 2609 omnes
830 2547 943 2616 medici
955 2551 1044 2620 dilli-
1101 2603 1105 2610 ,

104 2655 247 2718 derentt
282 2653 309 2716 ei
341 2653 441 2718 visum
472 2653 505 2715 in
536 2655 642 2742 quiete
663 2657 779 2742 egregia
802 2659 880 2727 facie
895 2667 1047 2746 juvenem

113 2772 237 2850 dicere,
260 2766 348 2848 sore,
371 2783 407 2831 ut
429 2769 573 2855 perbrevi
603 2771 852 2861 convalesceret3
878 2785 1050 2876 paucisque

114 2886 224 2951 diebus
245 2885 450 2948 interiturum
473 2884 745 2953 Alexandrum
766 2907 960 2980 tyrannum,
990 2901 1046 2992 ip.

114 3027 185 3067 sum
201 3017 305 3066 autem
335 2998 554 3065 Eudemum
576 3001 799 3089 quinquennio
823 3026 894 3098 post
914 3009 1046 3087 domum

116 3143 344 3164 ψυ-

115 3233 184 3294 τοῦτ’
203 3237 259 3302 ieie
279 3237 415 3302 ἐνύπνιον,
436 3229 532 3289 ΡῐοΜ.
562 3245 596 3303 Λ,
626 3229 649 3312 §
676 3233 724 3292 ld.
765 3233 838 3295 Coll.
879 3240 1046 3322 Slahrlo,

115 3343 156 3406 ll,-
178 3359 208 3416 p.
240 3338 310 3397 158.
343 3338 414 3409 Quia
435 3341 607 3417 problemata
628 3344 711 3403 totius
735 3345 974 3413 Aristoteliac
999 3357 1050 3416 dn·

115 3449 219 3509 ctrinae
245 3449 323 3526 quasi
347 3449 460 3508 brevem
481 3464 658 3526 conspectum
687 3457 836 3532 praebent,
866 3462 947 3522 valde
960 3481 1050 3542 quae-

116 3561 205 3627 ritur,
241 3572 331 3619 utrum
367 3559 582 3620 Aristotelis
615 3582 650 3619 an
683 3565 872 3640 epitomatoris
910 3576 1051 3655 cujusdam

116 3673 168 3731 sint
202 3669 339 3738 dicenda3
374 3682 498 3728 ceterum
520 3669 678 3738 Stalttio,
702 3677 831 3734 statuenti
859 3679 927 3740 hacc
956 3685 1050 3744 aci-

12 3842 13 3845 *
117 3799 250 3838 ccrune
279 3780 350 3838 lecta
381 3779 488 3845 luisse,
517 3800 571 3840 non
597 3800 730 3859 repugno.
785 3787 824 3860 (l)
846 3787 882 3846 Α.
920 3791 954 3850 C.
984 3814 1049 3854 van

100 3887 277 3962 ‘llcusde,
315 3886 351 3946 0.
393 3888 414 3946 Ι.
450 3907 480 3965 ρ.
522 3891 571 3957 59,
615 3905 679 3951 notu
725 3894 752 3965 l,
788 3894 859 3954 hunc
887 3899 977 3958 lucum
1013 3919 1048 3962 ex

115 3998 362 4057 Aristotelis
407 4015 492 4073 opere
521 4007 575 4079 περὶ
597 4014 642 4069 τῆς
662 4003 717 4063 καθ’
737 4009 816 4064 aanor
842 4021 987 4084 umis,
1018 4031 1046 4070 ρ,

115 4112 145 4186 ⁰2,
173 4106 309 4168 excidisse
336 4109 474 4186 spiratur.
