2817 5009
633 415 829 483 ''24

364 610 369 623 '
413 600 472 665 Est
501 620 574 663 sene
610 598 804 686 prsechmm
837 598 878 664 de
911 616 1048 691 utroque
1070 602 1301 667 Cice-renis
1365 607 1368 611 ’

364 710 561 801 judiciuin:-
592 713 684 799 „Ego
710 715 754 781 sio
779 716 945 797 existim,
967 714 1025 782 isos
1045 714 1301 782 omtomtuiue

367 827 548 913 miximus,
563 843 595 897 et
617 829 652 893 in
678 828 728 895 his
745 830 897 915 'primum
914 852 988 898 eum
1011 832 1207 899 Graecorum
1227 828 1296 915 gio·

366 1056 475 1125 literne
510 1060 650 1129 Grsecse
690 1058 769 1125 hcc
784 1076 882 1128 eetste
913 1058 1059 1127 nondum
1083 1064 1139 1148 jus
1171 1062 1303 1131 civitatis

368 1172 487 1241 Romae
506 1189 745 1241 essent-nactae
775 1171 848 1241 ets
883 1174 1064 1242 cultioribus
1085 1192 1211 1243 uotum
1240 1200 1300 1244 eo-

367 1285 526 1369 lsrentur,
554 1285 644 1371 „fuit
665 1287 729 1357 hoc
752 1290 792 1355 in,
812 1305 950 1380 ustoque
968 1314 1089 1373 eorum,
1113 1309 1150 1357 nt
1173 1294 1299 1358 Cres-

368 1422 434 1467 sus
485 1424 552 1471 non
596 1418 658 1472 tam
706 1406 874 1473 exist'unsri
911 1403 1002 1471 vellet
1040 1428 1123 1472 non·
1138 1403 1301 1490 didiciue,

371 1532 470 1607 quem
490 1516 550 1585 ilis'
563 1516 747 1611 despicere,
774 1537 808 1585 et
828 1522 1043 1588 Romanorum
1069 1523 1104 1587 in
1131 1523 1219 1589 omni
1240 1546 1301 1608 ge·

367 1656 444 1702 nere
470 1630 674 1720 prudentiam
705 1636 833 1702 Graecis
855 1636 1018 1701 anteferre.
1064 1638 1130 1701 An
1143 1638 1302 1703 tonius

369 1764 473 1818 sutem
499 1747 743 1839 probabiliorem
777 1749 896 1841 populo
920 1750 1092 1815 orutionem
1127 1751 1196 1817 sose
1218 1756 1300 1819 oen·

369 1881 450 1931 seret
463 1879 580 1948 'susm,
615 1865 640 1931 si
672 1866 805 1942 omnino
829 1863 975 1932 didicisse
999 1889 1179 1955 numquam
1200 1882 1300 1957 pute-

367 1997 478 2051 returs
511 1996 609 2070 utque
644 1982 686 2045 itu
718 2004 751 2043 ee
785 1996 920 2069 uterque
949 1978 1132 2065 graviorem·
1149 1981 1234 2071 fore,
1277 1984 1301 2047 si

368 2096 446 2167 ulter
467 2110 688 2175 contemnere,
726 2092 803 2159 sites·
825 2118 866 2159 ne
887 2118 975 2164 nosse
1007 2095 1139 2185 quidem
1163 2097 1302 2165 Graecos

364 2208 548 2277 videretur''
590 2206 649 2296 (2).

411 2326 618 2417 Quemquam
634 2322 726 2391 tslem
747 2327 941 2394 Graecarum
962 2326 1120 2395 literarum
1145 2330 1301 2415 ignoren-

314 2507 317 2515 ,
367 2441 443 2507 tirm
476 2438 518 2505 de
550 2462 583 2505 se
612 2441 661 2507 M.
694 2442 900 2507 Antonius
931 2440 1169 2528 profitebatur,
1193 2470 1300 2536 uppe-

368 2572 418 2621 ret
442 2570 546 2622 tamen
565 2578 603 2619 ex
630 2552 755 2621 duobus
776 2555 886 2646 primis
910 2555 1128 2622 Ciceronis
1150 2556 1192 2623 de
1212 2562 1302 2625 Ors-

374 2687 443 2739 tore
465 2669 553 2737 libris
576 2694 672 2751 eum,
698 2670 926 2762 ,proconsulem
953 2671 986 2735 in
1014 2670 1157 2759 Cilicum
1185 2675 1303 2764 prose·

377 2804 489 2871 ctum,
513 2804 577 2853 tem
597 2785 755 2868 Athenis,
779 2810 876 2876 quem
900 2784 1027 2866 Rhodi,
1050 2786 1302 2857 doctissimorum

370 2902 540 2973 hominum
547 2903 745 2969 sermonibus
755 2898 953 2967 sededidisse
964 2901 1032 2989 (3),
1050 2917 1083 2966 et
1105 2903 1300 2971 Graecorum

368 3018 464 3087 libros
488 3018 700 3089 delectationis
725 3041 814 3087 erues
834 3016 936 3101 legere
954 3018 1154 3084 consuevisse.
1186 3020 1301 3108 Quum

369 3152 473 3203 eutem
497 3139 561 3205 An
573 3152 614 3202 to
625 3160 648 3200 n
660 3136 730 3201 ius
752 3132 837 3199 libro
855 3130 996 3198 secundo
1017 3133 1179 3223 principes
1197 3132 1302 3201 histo-
1398 3124 1400 3131 ’

368 3255 449 3318 ticos
472 3253 609 3317 Graecos
640 3251 832 3334 eosdemque
858 3244 1123 3334 eloquentissimos
1157 3247 1302 3315 homines

372 3389 431 3432 seu
469 3365 636 3451 tetigisset=
691 3358 822 3450 „Quid
848 3378 911 3443 est,
952 3362 1082 3449 inquit,
1118 3362 1298 3447 Catule,
1398 3379 1399 3386 ’

375 3482 561 3547 Caesari
606 3479 661 3545 ubi
696 3492 793 3561 sunt,
828 3478 885 3565 qui
908 3479 1156 3546 Antonium
1180 3480 1301 3548 Graece

366 3910 371 3923 .
413 3870 454 3945 (ι)
477 3868 583 3927 nm.
599 3886 635 3925 ι.
659 3867 699 3925 56
717 3884 779 3945 sqq.
805 3877 834 3926 ιι
851 3836 972 3945 pauens
990 3864 1128 3925 ctom.
1152 3884 1179 3926 ι.
1197 3867 1227 3927 ιι
1259 3866 1300 3943 (ι)

365 3975 492 4042 serrat.
509 3978 544 4045 ιι,
562 3979 588 4037 ι.
634 3976 674 4054 ιι)
703 3976 746 4035 ιι.
768 3976 793 4051 ι,
821 3974 870 4050 ιε,
901 3974 936 4042 ιι,
969 3977 982 4033 ι
1010 3987 1039 4034 ιι
1066 3976 1134 4057 ιι..
