2817 5009
800 472 861 540 110

222 688 229 703 ,
349 658 491 743 „Am
523 654 604 724 nihil
624 652 710 723 aliud
732 671 805 736 est,
827 655 889 722 nisi
909 677 985 724 eum
1010 655 1118 746 ipsum
1141 657 1295 750 diligete,

350 793 449 861 quem
465 791 570 851 amet,
591 767 679 836 nulh
696 765 895 856 indigentia,
921 766 1007 836 nulla
1027 768 1162 840 utilitate
1185 799 1291 866 quae-

338 884 429 954 sitae
451 908 535 975 quae
558 899 664 952 tamen
686 885 755 979 ipsa
773 884 935 952 efflorescit
953 907 993 952 ex
1021 886 1177 974 amicitia,
1199 891 1300 958 ctiam

352 1000 379 1066 ai
400 1014 437 1067 tu
456 1024 526 1070 cam
549 1001 657 1069 minus
675 1016 803 1068 secutus
826 1002 902 1067 sis’'.

399 1117 546 1208 Uterque
577 1116 705 1184 veritate
730 1116 789 1182 uiti
808 1116 1001 1201 amicitiam,
1024 1119 1052 1186 ei
1074 1142 1149 1188 vero
1164 1120 1296 1188 simula-

356 1237 475 1304 tionem
508 1250 542 1302 et
569 1232 781 1302 adulationem
806 1235 939 1302 maxime
971 1233 1126 1303 adversari
1167 1254 1295 1306 censete

356 1351 463 1436 „Nam
496 1374 599 1441 quum
627 1351 780 1418 amicitiae
813 1351 858 1420 vis
877 1352 1017 1433 site0’',
1051 1369 1087 1419 ut
1107 1353 1148 1420 ait
1179 1354 1296 1422 Cice-

355 1492 403 1538 ro
425 1466 496 1559 (l),
519 1481 587 1551 „nt
607 1491 691 1533 unua
723 1468 813 1557 quasi
834 1468 956 1536 animus
981 1468 1039 1536 fiat
1060 1489 1100 1538 ex
1124 1461 1294 1560 pluribus:

357 1587 419 1675 qut
442 1581 479 1652 id
506 1581 578 1650 fieri
599 1583 739 1674 poterit,
764 1583 790 1648 si
809 1606 849 1648 ne
869 1583 904 1650 iu
928 1608 994 1652 unu
1015 1583 1146 1675 quidem
1166 1611 1297 1678 quoque

357 1721 441 1768 unua
477 1698 601 1766 animus
634 1698 694 1766 erit
725 1696 875 1790 idemque
904 1722 1051 1792 semper,
1086 1699 1142 1768 sed
1177 1705 1298 1788 varius,

359 1813 613 1899 commutabilis,
638 1813 833 1904 multiplex?
878 1813 970 1905 Quid
1001 1817 1086 1882 enim
1112 1833 1300 1909 potestesse

359 1947 425 1998 tam
447 1930 608 2014 flexibile,
632 1946 696 1997 tam
717 1928 865 2014 devium,
888 1953 986 2020 quam
1007 1933 1130 1999 animus
1151 1935 1231 2021 ejus,
1242 1936 1298 2027 qui

359 2045 400 2115 ad
427 2047 551 2114 alterius
585 2068 651 2113 non
679 2043 775 2111 modo
798 2069 924 2112 sensum
946 2072 982 2114 ac
1005 2047 1220 2135 voluntatem,
1246 2049 1300 2116 sed

358 2164 450 2230 etiam
471 2162 594 2230 vultum
622 2177 719 2249 atque
732 2164 1090 2232 nutumconvertiaur”t
1104 2203 1149 2217 -
1170 2167 1299 2233 Inami-

360 2279 432 2347 citia
451 2292 576 2358 autem,
600 2299 674 2343 cum
696 2275 857 2363 perfecta,
882 2294 961 2362 tum
974 2279 1111 2368 vulgari,
1133 2282 1231 2372 ipsius
1245 2307 1301 2376 per
1392 2287 1393 2292 ’

359 2391 492 2480 singulas
525 2391 603 2457 vitae
633 2407 745 2458 aetates
777 2417 863 2459 casus
885 2410 916 2460 et
939 2396 1169 2464 criminationes
1194 2414 1299 2466 atteu-
1392 2437 1393 2442 ι

361 2505 473 2575 dentes
494 2504 555 2596 (2),
576 2523 640 2572 tam
662 2530 787 2574 morum
811 2534 908 2597 quam
929 2512 1033 2577 aetatis
1052 2513 1302 2579 convenientiam

360 2636 568 2726 requirebant
578 2629 648 2720 (3)=
680 2631 771 2719 Μέγα
799 2627 834 2696 δὲ
859 2632 927 2723 πρὸς
952 2634 1049 2724 φιλίαν
1074 2634 1123 2700 καὶ
1140 2634 1302 2728 τὸσύντρο-

333 2767 413 2849 ’φοι
442 2756 492 2822 καὶ
524 2757 555 2824 τὸ
584 2750 763 2826 καθ’ἡλικίαν
789 2753 861 2846 (4),
894 2772 930 2822 ut
966 2774 1012 2824 est
1042 2760 1076 2824 in
1112 2761 1299 2850 proverbio:

358 2873 452 2958 Ἤλιξ
477 2881 563 2963 ἥλικᾳ
588 2881 712 2971 τέρπει,
739 2879 788 2944 καὶ
816 2881 842 2946 οἱ
876 2881 1002 2957 συνήθεις
1030 2882 1136 2972 ἑταῖροι
1166 2880 1229 2970 (ὅ).

367 3047 370 3052 -
404 3002 455 3071 Eo
486 2997 570 3067 redit
611 3015 676 3065 tota
698 2998 942 3065 Aristotelis
964 2997 1136 3090 disputatio
1157 2998 1199 3066 de
1220 3001 1300 3066 ami·

366 3123 459 3205 eitia,
483 3119 680 3206 gravissimus
702 3139 776 3182 sane
802 3117 836 3181 in
864 3118 932 3202 ejus
953 3115 1098 3184 doctrina
1122 3115 1230 3183 morali
1251 3116 1299 3183 lo-

356 3294 552 3311 Μ

363 3407 415 3463 laia
435 3404 465 3461 τὸ
484 3403 617 3478 petisset
635 3422 685 3456 τινι
704 3399 723 3456 ἃ
744 3399 825 3456 οἴεται
845 3403 955 3478 ἀγαθά,
976 3406 1071 3464 ἐκείνου
1092 3409 1166 3464 ἕνεκα
1184 3406 1255 3464 ἀλλὰ
1267 3409 1300 3484 μὴ

362 3511 467 3580 αὑτοῦ,
500 3509 544 3565 καὶ
575 3505 606 3565 τὸ
635 3506 703 3564 κατὰ
737 3507 845 3584 δύναμιν
866 3511 1006 3587 πρακτικὸν
1025 3509 1091 3570 εἶναι
1110 3518 1219 3572 τούτων.
1264 3512 1302 3588 (l)

361 3615 461 3677 Lael.
491 3632 517 3673 c.
544 3612 596 3673 25.
624 3611 678 3672 cn.
702 3611 815 3672 Arist.
846 3613 925 3674 Nic.
946 3615 1020 3694 Vlll,
1043 3619 1075 3694 9,
1095 3618 1178 3679 Rhct.
1202 3621 1301 3699 11,st

361 3723 404 3796 (2)
427 3722 522 3782 Lacl.
552 3740 579 3781 c.
609 3720 658 3797 10,
685 3720 738 3780 06.
761 3719 816 3780 eff.
850 3721 959 3783 Arist.
994 3725 1165 3793 Nic‘Vlll,
1191 3729 1222 3795 9,
1255 3729 1301 3804 15,

365 3831 414 3910 16,
444 3831 493 3897 lX,
518 3831 550 3908 5,
572 3831 657 3890 Eud.
682 3830 742 3899 Vll,
770 3830 801 3888 2.
847 3831 886 3909 (3)
916 3833 1010 3895 Lael.
1038 3855 1066 3895 c.
1091 3837 1144 3914 10,
1169 3837 1222 3896 07.
1266 3839 1304 3915 (d)

361 3939 446 4000 Nic.
482 3938 557 4016 Vlll‚
595 3940 642 3998 11.
690 3940 729 4006 15)
767 3939 809 3999 lb.
844 3953 872 3999 et
910 3941 994 4004 Rhet.
1030 3944 1054 4020 Ι,
1088 3945 1136 4020 11,
1161 3963 1190 4022 p.
1219 3943 1304 4010 1511,

257 4052 263 4062 ’
362 4053 392 4111 b.
425 4051 462 4112 15
484 4066 546 4128 sqq.
