2817 5009
586 378 627 443 3³

133 552 296 638 sedecula,
315 578 413 646 quam
437 556 534 623 habes
552 560 611 624 sula
633 561 766 648 imagine
785 560 1067 650 Aristotelis,

36 710 39 719 Δ
133 668 264 753 sedere,
302 696 400 760 quam
435 672 469 735 in
503 673 632 739 istorum
653 674 724 741 sella
748 678 868 763 curuli3
898 696 1069 771 tecumque

134 782 223 872 apud
245 786 289 850 'te
309 783 491 867 ambulare,
515 811 611 874 quam
633 808 709 855 cum
730 812 784 875 eo,
809 815 949 881 quocum
976 793 1071 863 video

39 925 41 933 ¹
133 921 199 983 esse
230 897 494 971 ambulandum.”
551 902 665 990 Neque
697 901 753 971 hic
775 905 809 971 in
845 908 1070 975 Ciceronis

134 1012 380 1104 Epistolislocus
404 1014 699 1102 praetermittendus
713 1014 786 1106 (l),
810 1019 888 1087 ubit
914 1022 1069 1107 „Nunc,”

133 1126 263 1215 inquit,
286 1148 447 1213 „prorsus
481 1125 543 1207 hoc
569 1129 682 1207 statui,
719 1144 778 1214 ut,
804 1130 955 1219 quoniam
984 1149 1072 1201 unta

135 1240 343 1323 controversia
376 1256 444 1323 est,
478 1241 766 1327 Dicaearcho,
812 1245 954 1313 familiari
992 1264 1071 1333 tno,

137 1348 213 1417 cum
240 1331 542 1441 Theophrasto,
578 1354 678 1421 amico
718 1378 808 1440 meo,
849 1375 886 1424 ut
918 1358 970 1426 ille
997 1377 1071 1427 tuns

136 1473 183 1537 τὸν
203 1474 357 1563 πρακτικὸν
389 1473 452 1559 βίον
484 1473 574 1562 longe
608 1480 762 1561 omnibus,
789 1497 981 1575 anteponat,
1016 1486 1073 1556 hic

132 1615 241 1695 autem
262 1599 309 1663 τὸν
325 1598 493 1688 θεωρητικὸν
508 1650 518 1683 ,
533 1602 660 1688 utrique
683 1626 701 1665 a
726 1622 777 1666 me
798 1622 865 1667 mos
885 1615 988 1685 gestus
1007 1597 1074 1665 eree

136 1710 292 1779 videatur.
346 1714 428 1777 Puto
461 1715 546 1777 enim
581 1736 632 1777 me
662 1710 911 1780 Dicaearcho
951 1711 1071 1779 affatim

135 1824 332 1891 satisfecisset
356 1826 492 1912 respicio
516 1848 605 1891 nunc
629 1821 670 1888 ad
691 1822 778 1918 laanc
798 1820 970 1905 familiam,
993 1848 1075 1912 quae

134 1939 216 2005 mihi
248 1960 314 2005 nou
350 1935 461 2015 modo,
497 1952 533 2003 ut
556 1938 775 2027 requiescam,
810 1936 984 2026 permittit,
1016 1937 1075 2005 sed

82 2040 83 2043 Ἴ
134 2052 363 2148 reprehendit,
394 2056 468 2143 quia
506 2076 571 2120 non
601 2075 727 2144 semper
762 2052 908 2141 quietim.
964 2054 1073 2142 Quare

136 2163 379 2254 incumbamus,
402 2195 421 2236 o
440 2185 544 2237 noster
568 2171 687 2251 Tite,
709 2167 751 2235 ad
767 2166 819 2235 illa
833 2167 1074 2258 praeclarastu·

136 2288 212 2372 dia,
244 2303 276 2353 et
309 2309 365 2369 eo,
401 2284 486 2353 unde
512 2282 674 2353 discedere
710 2308 777 2352 non
808 2285 972 2373 oportuit,
1009 2286 1069 2355 nli·
1124 2321 1127 2346 t

108 2438 111 2443 ·
137 2401 268 2493 quando
287 2404 512 2469 revertamur.'’

180 2521 333 2610 Utrique,
357 2543 423 2608 quo
445 2536 586 2609 tempore
611 2519 759 2585 Cicero
780 2516 917 2593 Athenis
932 2535 1069 2589 versatus
1151 2554 1154 2561 ·

136 2653 206 2720 eet,
243 2632 419 2700 studiorum
451 2632 622 2699 similitudo
647 2654 769 2699 summa
790 2631 995 2700 familiaritate
1018 2636 1068 2703 Μ.

136 2750 324 2841 Pupium
346 2749 526 2814 Pisonem
547 2748 878 2837 Calpurnianum
898 2745 1065 2834 adjunxit3
1107 2845 1110 2850 Ι

135 2867 228 2949 cujus
250 2863 295 2927 rei
317 2863 394 2927 ratio
414 2885 453 2927 ex
476 2860 558 2927 libro
583 2860 756 2952 quintode
783 2862 914 2927 Finibus
933 2864 1068 2929 maxime

133 2977 319 3063 intelligitur
334 3002 336 3012 ¹
351 2972 409 3063 (2).
466 2976 511 3040 Ut
543 2976 758 3040 Romanorum
785 2977 946 3065 principes
962 2980 1031 3061 jam
1049 3003 1069 3044 a

134 3092 302 3162 Catonis
324 3091 493 3177 Majoris
523 3086 599 3155 inde
624 3085 829 3177 'temporibus
851 3090 978 3157 Graecis
1003 3089 1067 3158 do·

133 3209 272 3279 ctoribus
306 3208 496 3289 utebantur,
531 3208 574 3271 ita
598 3204 695 3271 Piso
726 3228 856 3295 quoque
887 3206 1065 3277 Staseam

133 3323 398 3412 Peripateticum,
420 3323 454 3385 in
471 3324 538 3407 ejus
561 3343 674 3406 genere
696 3322 839 3387 omnium
864 3322 1067 3413 principem,

135 3441 303 3508 domisuae
322 3436 434 3503 hahuit
446 3432 506 3523 (3).
551 3436 635 3503 llinc
654 3459 785 3525 quoque
809 3438 964 3521 Cicero,
982 3437 1066 3506 libro

140 3610 579 3632 ...μ-..ιιι-ι--υι-

174 3726 214 3801 (l)
236 3723 279 3781 lb.
308 3721 344 3796 ll,
373 3720 426 3797 Ep.
459 3720 508 3794 46,
534 3717 578 3777 Cf.
610 3717 645 3792 ll,
676 3716 772 3794 Εμὸ
800 3731 828 3777 ει
846 3720 881 3778 ad
904 3721 983 3780 Fam.
1000 3722 1062 3797 Vll,

131 3835 184 3912 Ep.
213 3824 264 3892 50.
309 3830 348 3907 (i)
371 3829 406 3889 tle
429 3828 490 3887 Fin.
518 3827 552 3904 V,
582 3828 610 3885 l.
641 3824 687 3885 (li.
717 3826 759 3886 lb.
784 3828 832 3903 tv,
863 3828 914 3889 26.
944 3830 981 3903 V,
1009 3829 1063 3905 25,

108 3972 113 3983 ·
131 3948 183 4022 et,
201 3946 251 4022 tr,
264 3946 361 4005 Brut.
384 3962 411 4002 c.
429 3942 479 4002 90.
526 3940 565 4017 (5)
581 3940 622 4001 De
637 3937 714 4001 Orat.
728 3938 751 4015 l,
768 3939 819 4017 Ὦ,
835 3940 871 4000 de
882 3941 944 4001 Fiu.
957 3940 993 4007 V,
1008 3940 1060 3998 25.

669 4086 671 4093 ·
929 4052 950 4111 3
