2817 5009
773 455 835 523 tot)

333 644 468 711 lortassis
497 638 570 705 alios
598 637 753 727 quosdam
784 633 960 704 induxerat.
1015 632 1053 697 ln
1076 631 1140 703 hoc
1166 629 1275 707 libro,

335 758 376 823 de
411 758 501 843 cujus
529 754 649 820 ratione
682 754 797 840 injuria
829 769 1007 839 temporum
1046 750 1096 817 vix
1130 746 1280 835 judicare
1327 800 1330 806 .
1405 766 1406 785 ¹

333 875 422 951 licet,
461 870 711 953 Hortensius,
746 866 869 935 laudata
917 864 1115 955 eloquentia,
1161 864 1277 957 philo-

334 989 478 1081 sophiam
508 972 728 1078 impugnasse‚
764 983 849 1049 hanc
872 1004 946 1051 vero
973 981 1069 1047 ceteri
1098 978 1279 1045 defendisse
1405 960 1406 1051 i

335 1104 486 1171 videntur
510 1101 570 1191 (l).
609 1133 637 1183 ·„
650 1098 869 1189 Philosophiae
890 1096 1023 1187 quidem
1047 1096 1276 1184 vituperatoni-

337 1220 442 1301 bus‚''
479 1235 514 1283 ut
543 1219 587 1283 ait
624 1218 778 1284 Cicero
808 1210 1026 1301 invlibrisde
1049 1213 1178 1277 Finibus
1200 1210 1277 1299 (2),

337 1337 440 1418 „satis
463 1356 649 1425 responsum
670 1350 716 1398 est
737 1356 774 1399 eo
793 1330 897 1411 libro,
921 1351 988 1416 quo
1011 1353 1027 1393 a
1053 1327 1142 1393 nohis
1163 1325 1275 1414 philo-

338 1448 449 1539 sophia
482 1444 608 1511 deicnsa
633 1460 665 1510 et
690 1442 859 1510 collaudata
884 1456 951 1524 est,
982 1464 1057 1506 cum
1079 1454 1156 1504 esset
1176 1461 1276 1505 accu-

221 1590 228 1602 .
339 1580 403 1628 sata
424 1577 456 1626 et
478 1560 650 1649 vituperata
673 1561 714 1623 ab
746 1556 1029 1624 Hortensio.''

384 1680 470 1744 Cum
508 1691 596 1739 antea
623 1672 812 1741 Academica
840 1671 965 1761 duobus
989 1671 1101 1753 libris,
1125 1670 1282 1739 Catulo

342 1810 373 1858 et
398 1788 610 1871 Lucullo,
634 1814 772 1878 quorum
794 1786 843 1855 illc
866 1787 1092 1871 Philonis,
1117 1787 1173 1853 hic
1191 1786 1280 1854 An·

345 1907 483 1975 tioehi
505 1908 693 1973 sententiam
717 1908 886 1988 tuebatur,
909 1904 1112 1987 absolvisset,
1137 1902 1280 1969 suaden-

345 2042 375 2088 te
398 2024 545 2092 Attico
565 2020 638 2110 (3),
670 2023 710 2086 ab
738 2021 920 2087 hominihus
954 2018 1149 2086 nobilissimis
1184 2036 1283 2087 totam

343 2152 429 2215 hanc
466 2147 688 2215 Academioam
710 2144 844 2223 σύνταξιν
865 2138 1017 2231 abstulit,
1040 2166 1071 2214 ct
1094 2173 1133 2215 ex
1157 2149 1284 2219 duobus

346 2268 380 2330 in
403 2280 538 2354 quatuor
559 2263 655 2329 libros
674 2258 830 2348 contulit}
857 2288 994 2353 quorum
1017 2290 1097 2356 quae
1118 2266 1282 2335 fucritra-

349 2384 393 2465 tio
413 2406 452 2445 ex
474 2382 542 2465 ejus
560 2378 603 2443 ad
627 2380 866 2447 Varronem
899 2380 1035 2469 Epistola
1058 2382 1105 2469 (4)
1128 2384 1280 2471 intelligi-

348 2514 419 2561 tur:
440 2544 443 2551 -
467 2545 489 2578 ‚‚
504 2495 576 2559 Misi
599 2512 703 2559 autem
727 2492 766 2557 ad
788 2512 819 2561 te
842 2513 979 2583 quatuor
994 2496 1201 2563 admonitores
1215 2524 1285 2566 non

347 2612 446 2688 nimis!
464 2609 667 2675 verecundos.
712 2611 800 2675 Nosti
826 2612 911 2677 enim
935 2612 1076 2699 prolecto
1100 2637 1132 2679 os
1154 2612 1282 2681 adoles-

349 2728 495 2795 centioris
529 2725 724 2794 Academiae.
769 2728 817 2791 Ex
845 2708 878 2791 ea
896 2728 992 2813 igitur
1014 2728 1113 2795 media
1135 2734 1287 2799 excitatos

352 2844 444 2924 misi;
483 2844 540 2930 qui
560 2858 664 2906 metuo
687 2865 728 2907 ne
754 2858 784 2906 te
811 2842 891 2908 sorte
913 2844 1076 2930 flagitent:
1102 2871 1158 2933 ego
1180 2865 1287 2916 autem

351 2957 519 3042 mandavi,
565 2976 601 3024 ut
628 2960 810 3043 rogarent.''
825 2995 870 3008 -
914 2963 1024 3041 „Feci
1046 2963 1143 3047 igitur
1162 2986 1286 3029 sermo-

352 3101 425 3141 nem
454 3076 619 3140 internos
639 3074 783 3138 habitum
801 3076 835 3138 in
858 3050 1021 3153 Cumano,
1046 3098 1212 3145 cumesset
1224 3104 1291 3147 una

351 3193 624 3283 Pomponius.
658 3191 736 3255 Tibi
759 3188 834 3253 dedi
860 3208 963 3275 partes
985 3193 1289 3281 Antiochinas,

353 3331 429 3394 quas
461 3332 477 3368 a
515 3322 544 3368 te
576 3305 703 3389 probaui
726 3303 910 3372 intellexisse
933 3307 1010 3374 mihi
1033 3308 1182 3379 videbar:
1207 3314 1293 3379 mihi

353 3420 471 3508 sumpsi
500 3417 689 3482 Philonis.
747 3421 828 3485 Puto
861 3420 946 3505 sore,
981 3440 1037 3506 ut,
1067 3450 1139 3491 cum
1163 3425 1293 3514 legeris,

355 3536 486 3618 mirere,
506 3557 563 3599 nos
583 3530 617 3598 id
640 3533 758 3601 locutos
781 3560 844 3602 esse
864 3538 947 3605 inter
969 3564 1045 3617 nos,
1076 3541 1164 3631 quod
1188 3570 1293 3610 num-

398 3818 437 3892 (l)
460 3815 505 3874 Cf.
544 3814 755 3876 mamete.
780 3818 855 3897 Opp.
883 3822 946 3882 Vol.
973 3823 1019 3891 tv,
1052 3844 1081 3903 p.
1105 3827 1144 3903 ll,
1163 3847 1194 3906 p.
1215 3830 1297 3893 479.

357 3927 396 4002 (Ι)
434 3926 456 4000 Ι,
483 3928 509 3983 Ι.
538 3926 592 3985 (ΙΙΙ.
615 3928 651 3987 de
675 3928 738 3989 niv.
762 3929 796 4003 ll,
830 3933 894 3991 let
915 3932 997 3993 Tusc.
1024 3935 1074 4009 ΙΙΙ,
1106 3936 1135 3995 5.
1182 3939 1221 4018 (5)
1245 3937 1297 3999 (ΙΙ.

354 4036 426 4113 disp.
449 4056 478 4094 n.
503 4057 534 4115 p.
560 4038 599 4095 5⁶2
621 4057 663 4116 sq.
712 4039 749 4115 (Ι)
773 4040 808 4097 ad
839 4041 918 4099 Fam.
948 4043 996 4119 lX,
1020 4044 1072 4123 Ep.
1099 4046 1128 4103 8.
1163 4086 1165 4092 ι

1281 3752 1286 3756 ,
1400 3444 1406 3727 Ι
