2817 5009
765 460 827 527 122

324 667 392 735 tos,
425 671 526 719 uuum
558 650 593 713 in
621 647 729 716 locum
759 645 913 717 conduxit
936 644 1209 725 Aristoteles,
1233 662 1266 711 et

324 766 510 837 nominetim
540 765 698 855 cujusque
713 842 717 849 Ι
735 778 902 855 praecepta
942 784 1053 848 magna
1087 750 1264 848 conquisita

324 905 400 953 curs
423 880 591 973 perspicue
611 880 817 973 conscripsit,
840 896 935 969 atquc
960 875 1091 957 enodata
1122 875 1264 965 diligen-

324 1013 372 1067 ter
388 995 549 1089 exposuit:
573 1021 612 1063 cc
635 1010 759 1063 tantum
780 994 1001 1079 inventoribus
1023 993 1099 1086 ipsis
1116 994 1265 1059 suavitate

322 1127 355 1181 et
386 1108 539 1182 brevitate
575 1107 703 1177 dicendi
734 1109 913 1202 praestitit,
960 1124 997 1175 ut
1024 1131 1119 1197 nemo
1138 1107 1262 1176 illorum

315 1213 491 1319 ¹praecepto
513 1246 554 1310 ex,
573 1225 715 1314 ipsorum
739 1224 827 1293 libris
858 1242 1043 1313 cognoscat,
1069 1222 1126 1293 sed
1145 1248 1267 1305 omnes,

324 1337 383 1429 qui
416 1337 506 1431 quod
535 1338 581 1407 itti
611 1342 838 1434 praecipiant,
875 1341 976 1427 velint
1010 1340 1202 1427 intelligere,
1225 1338 1267 1408 ad

322 1455 434 1541 hunc,
456 1455 545 1544 quasi
563 1452 604 1523 cd
629 1454 792 1547 quendam
817 1453 1064 1541 commodiorem
1088 1452 1267 1543 'explicato-

322 1594 418 1657 ιω,
439 1586 647 1641 revertantur.
683 1575 794 1665 Atque
814 1572 868 1641 hic
891 1571 1023 1663 quidem
1040 1562 1128 1661 ipse,
1152 1586 1184 1640 et
1205 1592 1269 1638 sese

322 1688 431 1781 ipsum
454 1688 566 1777 uobis,
589 1703 621 1754 et
642 1710 716 1771 eos,
739 1690 796 1779 qui
820 1704 892 1758 aute
912 1713 943 1757 se
964 1688 1092 1786 fuerant
1104 1738 1114 1771 ,
1140 1688 1176 1754 in
1196 1710 1274 1785 nae-¹¹

324 1800 381 1875 dio
400 1806 532 1897 posuit,
556 1821 647 1873 utet
670 1821 789 1875 ceteros
812 1822 895 1872 etse
920 1806 1025 1897 ipsum
1048 1828 1106 1893 per
1140 1828 1173 1871 se
1208 1827 1267 1873 co-

324 1921 568 2014 guoscmemmss’
592 1919 652 2013 (1).

366 2035 484 2126 Quum
507 2037 659 2105 Cicero
680 2038 715 2103 in
740 2035 827 2105 libris
850 2034 1048 2135 deOratore
1065 2035 1114 2127 (2)
1132 2038 1271 2131 optimos

325 2148 393 2240 jam
414 2162 550 2215 oratores
571 2147 658 2242 apud
682 2151 820 2218 Graecos
853 2174 928 2219 cum
959 2151 1105 2219 Romanis
1137 2173 1270 2245 compa-

324 2274 420 2325 rasset
455 2284 629 2353 eorumque
663 2242 820 2332 dirersam
840 2264 979 2347 indolem
1002 2268 1148 2357 variaque
1168 2266 1270 2335 studia

325 2375 461 2443 suictim
492 2374 681 2463 indicasset,
717 2382 819 2473 operis
849 2380 889 2447 de
920 2381 1018 2452 Claris
1063 2362 1272 2467 Oratoribus,

328 2496 419 2585 cujus
450 2496 676 2568 conscribendi
705 2516 817 2569 auctor
849 2476 877 2569 ci
908 2502 1083 2570 Atticus
1106 2502 1187 2585 fuit,
1211 2530 1267 2571 ar·

328 2626 516 2697 gumentum
551 2612 719 2680 arctissime
755 2617 965 2702 conjunctum
990 2640 1056 2685 csse
1079 2596 1175 2686 voluit
1197 2646 1271 2689 cum

330 2746 391 2819 eo,
424 2726 514 2817 quod
544 2717 654 2795 in'illo
684 2753 781 2819 opere
803 2732 889 2797 etin
911 2736 1044 2825 Oratore
1067 2738 1129 2803 sibi
1152 2740 1269 2829 exqui-

330 2834 470 2945 rendum
495 2858 723 2931 proposuerat,
749 2860 885 2913 oratores
908 2845 1105 2936 dijudicare,
1140 2852 1271 2943 quando

333 2977 398 3021 csse
424 2955 618 3048 coepissent,
642 2960 699 3049 qui
722 2963 814 3029 etiam
836 2980 867 3029 et
893 2964 998 3056 quales
1018 2966 1173 3052 fuissent3
1200 2996 1271 3039 me·

337 3056 458 3139 diocres
489 3075 574 3140 enim
608 3100 674 3142 non
704 3079 809 3145 minus
844 3105 940 3171 quam
977 3086 1113 3175 optimos
1142 3106 1276 3159 oratores

337 3208 460 3255 summo
481 3190 627 3257 acumine
647 3215 834 3279 recensens,
857 3194 985 3265 dicendi
998 3218 1176 3293 ¹praecepta
1201 3188 1272 3275 cnm

332 3298 398 3391 irae
430 3318 590 3369 oratorum
620 3309 853 3401 enumeratione
885 3316 1102 3408 conjungens,
1132 3320 1215 3389 viam
1236 3321 1273 3389 ad

331 3408 521 3517 ¹perfectum
545 3432 701 3487 oratorem
720 3422 753 3488 in
778 3448 834 3493 suo
860 3431 995 3497 Oratore
1012 3406 1207 3527 fingendum
1216 3438 1275 3507 hoc

337 3552 433 3618 opere
457 3530 515 3598 sibi
537 3535 668 3604 stravit:
723 3541 872 3632 „Quum
898 3545 1191 3636 Aristoteles,”
1214 3557 1273 3640 ait,

335 3709 541 3727 ᾖ

330 3800 1273 3909 'munaunmcummenun

340 3928 1271 4101 Offiuwmunnffisttuuuuu

335 4042 428 4118 u.
973 4066 976 4075 ¹
1207 4052 1209 4055 ’
