2817 5009
1155 495 1235 559 69

226 668 394 744 libro
457 676 586 769 περὶ
638 678 958 768 σοφις-ικῶν
1008 674 1265 762 ἐλέγχων
1316 676 1606 765 cogitasse
1651 678 1940 746 Cicero
1989 678 2094 746 vi·-

226 787 418 856 detur
438 842 459 876 ‚
508 792 647 875 ubi,
692 790 858 857 libro
902 806 1128 882 quarto
1166 786 1249 855 de
1294 791 1576 875 Finibus,
1631 790 1729 878 (l)
1774 793 2104 884 Peripate-

226 905 503 972 ticorum
570 906 791 972 merita
811 954 831 988 ,
894 906 963 971 in
1041 902 1452 988 definiendo,
1497 905 2000 991 argumentando
2041 924 2108 974 et

225 1018 681 1089 concludendo
728 1020 999 1087 celebrat
1016 1070 1036 1103 ,
1085 1018 1266 1111 quod
1316 1019 1584 1087 maxime
1617 1017 1774 1086 haec
1797 1021 1934 1107 ejus
1952 1042 2102 1087 ver·-

221 1139 314 1203 ha
364 1136 730 1206 declarantz
826 1187 871 1223 „
896 1138 1154 1229 Quanta
1198 1154 1409 1206 autem
1459 1137 1714 1206 varietas
1757 1160 2104 1224 argumen-

221 1269 448 1318 torum
491 1252 730 1318 ratione
790 1249 1307 1319 concludentium
1350 1275 1702 1345 eorumque
1775 1276 1926 1320 cum
1992 1274 2108 1319 ca-

221 1366 448 1458 ptiosis
489 1367 1080 1455 interrogationibus
1103 1365 1612 1435 dissimilitud0.”

314 1480 673 1551 Dialectioes
740 1484 904 1574 parti
960 1480 1058 1567 ‘de
1116 1484 1480 1551 inventione
1520 1483 1860 1567 Cicero,
1934 1482 2103 1551 libro

226 1594 505 1664 secundo
545 1595 628 1663 de
670 1600 937 1664 Oratore
964 1645 986 1679 ,
1030 1611 1235 1665 totum
1281 1595 1493 1665 locum
1534 1594 1617 1663 de
1652 1597 1815 1684 jocis
1839 1612 1904 1664 et
1925 1594 2105 1665 faee-

228 1706 328 1772 tiis
353 1755 374 1791 ‚
418 1732 454 1772 a
496 1709 826 1774 Caesare
870 1723 1002 1773 tam
1040 1707 1176 1774 fuse
1223 1725 1417 1799 atque
1456 1707 1667 1799 lepide
1709 1710 2108 1799 expositum,

224 1834 555 1902 accensetf,
630 1820 703 1885 in
767 1818 869 1883 his
932 1834 1187 1902 autem,
1276 1842 1441 1907 quae
1503 1841 1581 1883 ex
1652 1819 2111 1887 Aristotele

224 1931 570 2025 profecerit
588 1983 609 2017 ,
674 1930 1025 2026 deperditis
1094 1932 1271 1999 libris
1338 1932 1609 2000 Poeticis
1629 1983 1649 2017 ,
1723 1935 1794 2001 in
1875 1935 2113 2025 quibus

228 2048 376 2119 data
439 2074 631 2141 opera
688 2049 773 2117 de
846 2050 971 2119 hoc
1005 2066 1378 2138 argumento
1432 2050 1622 2139 egisse
1668 2050 1920 2121 videtur
1963 2052 2112 2143 (2).

220 2166 513 2256 judicare
580 2168 765 2235 nobis
826 2190 956 2234 non
1017 2167 1205 2253 licet3
1279 2168 1350 2233 in
1389 2166 1745 2238 Rhetoricis
1789 2169 1888 2260 (3)
1933 2172 2108 2241 enim

226 2286 385 2354 haec
426 2286 697 2357 strictim
738 2284 1105 2375 attingenda
1150 2308 1276 2353 esse
1322 2284 1507 2353 duxit
1556 2284 1677 2377 (4).

319 2543 495 2626 (nc.
551 2544 593 2603 4
638 2543 826 2623 ibique
867 2542 1093 2605 Madv.
1138 2562 1201 2622 p.
1252 2541 1398 2602 497.
1487 2540 1570 2619 (2)
1614 2508 2033 2601 anaema.
2057 2542 2104 2615 1,

241 2653 312 2713 11
347 2651 404 2711 in
446 2652 491 2712 f.
536 2656 779 2733 διώριςάι
823 2655 884 2713 δὲ
921 2655 1040 2732 περὶ
1076 2656 1293 2731 γελοίων
1336 2653 1500 2729 χωρὶς
1536 2652 1590 2709 ἐν
1628 2658 1740 2717 τοῖς
1773 2653 1892 2729 περὶ
1947 2672 2105 2714 ποιη-

236 2774 402 2830 τικῆς.
447 2758 541 2819 Cf.
600 2757 965 2835 fragmentum
1011 2756 1084 2815 de
1123 2754 1353 2815 Poetica
1376 2796 1394 2829 ‚
1457 2771 1513 2813 c.
1573 2753 1635 2812 ὃ.
1725 2751 1807 2831 (5)
1865 2751 1965 2831 111,
1997 2752 2099 2813 18.
2220 2759 2226 2765 ’

232 2867 347 2927 cff.
392 2884 534 2945 quos
571 2864 703 2924 citat
756 2862 1050 2938 Han-lm,
1111 2864 1181 2923 de
1232 2862 1393 2922 Orat.
1439 2863 1514 2940 11,
1568 2862 1671 2938 54,
1701 2881 1762 2941 p.
1796 2861 1938 2931 517,
1967 2873 2102 2923 nota

230 2976 299 3034 2.
388 2974 469 3051 (4)
514 2974 586 3033 de
656 2969 1048 3033 Ciceronis
1118 2969 1423 3029 *dialectica
1477 2970 1572 3028 cff.
1616 2970 1979 3045 Kuehner‚
2038 2988 2102 3045 p.

241 3084 357 3145 136
408 3100 533 3160 sqq.
579 3090 637 3141 et
682 3076 893 3146 Tenn.
942 3074 1013 3138 Ο.
1071 3076 1115 3135 1.
1176 3074 1273 3151 IV,
1306 3092 1367 3154 p.
1415 3073 1557 3133 597.
1658 3110 1667 3134 2
