2817 5009
582 458 624 524 77

124 645 186 712 esse
205 644 418 737 eloquentiam
441 641 670 730 suspicaretur,
693 638 862 707 haesitabat
883 660 981 729 quam
995 660 1065 705 ma-

127 764 207 827 xime
237 777 347 827 utrum
375 781 446 839 ars,
467 780 508 822 an
526 753 689 841 studium,
708 756 918 836 exercitatio,
939 753 1069 833 facultas

126 902 143 942 a
176 892 288 943 natura
319 872 485 963 proiecta,
518 872 560 937 sit
583 867 720 937 dicenda
740 866 812 958 (1);
836 891 876 935 ex
898 869 947 935 his
965 885 1069 937 autam

128 984 526 1077 angustiis‘expedirerunt
546 1009 621 1053 eum
643 982 863 1074 philosophiae
872 981 994 1065 studia,
1016 998 1071 1065 et,

128 1108 229 1174 missis
264 1104 431 1171 nominum
466 1102 615 1190 argutiis,
646 1102 744 1192 ipsius
779 1099 977 1189 eloquentiae
1004 1098 1068 1167 vim

124 1242 315 1307 cognoscere
336 1221 439 1309 coepit
462 1218 526 1305 (2).

171 1334 395 1424 Eloquentiam
425 1334 522 1420 igitur
547 1355 682 1399 vocansa
708 1355 839 1415 „unam
869 1328 912 1397 de
940 1330 1069 1397 summis

125 1446 326 1530 virtutibus,
365 1442 523 1531 cogitandi
562 1442 859 1535 pronuntiandique
895 1446 1068 1521 rationem,

125 1562 309 1652 sapientiam
343 1559 417 1650 (3),
452 1584 521 1627 rem
554 1559 699 1628 iacarltate
735 1560 958 1651 praeclaram,
1003 1578 1070 1630 arte

128 1676 322 1751 mediocrem
344 1675 417 1764 (Ι),
436 1677 522 1766 pacis
540 1677 709 1758 comitem,
741 1678 860 1763 otiique
880 1678 1013 1759 sonum,
1036 1692 1070 1745 et

126 1793 197 1877 jam
216 1792 308 1869 bene,
320 1789 507 1854 constitutae
529 1788 659 1853 civitatis
684 1789 774 1875 quasi
786 1788 947 1853 alumnam
959 1812 1067 1877 quan-

129 1902 207 1969 dam
224 1901 287 1990 (5),
311 1897 475 1968 dominam
494 1924 602 1984 rerum
612 1899 823 1990 praeclaram,
849 1900 990 1970 divinam
1001 1900 1073 1991 (6),

132 2017 357 2098 flexanimam,
374 2016 518 2081 omnium
541 2016 682 2101 reginam
702 2007 810 2083 rerum
824 2014 897 2104 (7)'’
914 2066 925 2101 ,
944 2034 976 2083 ot
990 2042 1071 2107 qnae

131 2133 224 2226 plura
247 2130 353 2198 attulit
374 2126 516 2217 ejusdem
537 2144 629 2195 notae
653 2128 804 2197 vocabula
824 2127 894 2219 (8),
916 2132 984 2218 ojus
1007 2132 1072 2199 vim

132 2264 254 2315 tantam
268 2270 334 2311 esse
356 2246 561 2328 existimavit,
584 2293 608 2329 ‚,
620 2262 655 2311 ut
677 2246 822 2313 omnium
842 2270 973 2331 rerum,
999 2250 1069 2317 vir-

135 2378 266 2446 tutum,
288 2361 487 2440 officiorum,
508 2360 677 2450 omniaque
695 2376 845 2446 naturae,
862 2363 950 2453 'quae
971 2386 1075 2445 mores

135 2478 322 2559 hominnm,
347 2498 428 2565 quae
451 2476 591 2556 animos,
614 2475 803 2564 quaesitam
815 2478 980 2563 continet,
1001 2478 1070 2545 ori-
1199 2504 1201 2512 ,

135 2597 262 2683 ginem‚
279 2595 349 2673 ,vim
369 2594 622 2683 mutationesque
645 2609 772 2679 teneat3
797 2592 908 2661 cadem
928 2614 1048 2661 morem
1059 2642 1071 2669 ,,.
1110 2587 1113 2597 ¹

180 2855 222 2931 (l)
251 2852 287 2910 de
324 2851 386 2908 lar.
427 2850 451 2914 Ι,
479 2849 511 2913 2,
544 2848 644 2907 Brut.
674 2866 702 2907 c.
729 2849 760 2907 6.
805 2850 845 2927 (6)
874 2834 911 2909 de
938 2849 1018 2911 Orat.
1045 2851 1069 2925 Ι,

141 2957 181 3019 18
218 2973 308 3034 sqq,
334 2954 369 3020 ΙΙ,
396 2954 426 3027 Ι,
454 2950 502 3015 ΙΙΙ,
525 2950 574 3008 ΙΙ.
604 2950 650 3009 Gi.
677 2952 790 3012 Arist.
814 2953 898 3011 Rhet.
923 2954 946 3019 Ι,
976 2955 1004 3020 Ι,
1040 2974 1071 3031 p.

141 3066 233 3141 1555,
262 3064 292 3122 b.
317 3063 336 3120 Ἰ
357 3078 421 3139 sqq.
466 3058 506 3135 (3)
529 3057 565 3116 de
592 3055 670 3116 Orat.
698 3059 749 3131 ΙΙΙ,
780 3059 828 3127 ΙΙ,
855 3060 903 3118 16.
920 3058 965 3119 cf.
978 3061 1002 3134 Ι,
1023 3060 1073 3135 18,

139 3178 176 3236 ale
199 3174 261 3232 lnv.
280 3172 310 3247 Ι,
339 3171 353 3229 Ι
383 3182 412 3229 et
434 3165 582 3239 Quian.
619 3166 642 3223 Ι.
669 3164 706 3225 O.
729 3166 766 3245 ll,
792 3166 844 3244 60,
874 3166 906 3251 §.
938 3167 987 3227 10.
1032 3170 1072 3247 (Ι)

140 3282 177 3340 (le
201 3278 282 3339 Orat.
311 3278 347 3353 ΙΙ,
377 3278 408 3335 7.
452 3276 492 3353 (5)
514 3274 612 3333 Brut.
647 3294 674 3334 o.
700 3276 751 3337 tt.
782 3277 918 3357 „ltaque
943 3276 1074 3338 aiacri-

142 3388 322 3461 atoteles,
347 3404 411 3445 cum
433 3387 548 3447 sublatis
574 3384 602 3443 in
616 3387 709 3448 Sicilia
723 3389 866 3468 tyrannis,
891 3408 938 3449 res
951 3389 1074 3468 privatae

139 3501 223 3576 longo
247 3494 391 3557 intervallo
414 3494 527 3572 judiciis
542 3508 756 3573 repeterentur,
778 3513 837 3559 tum
851 3501 981 3579 primum,
998 3502 1073 3579 quod

140 3623 215 3671 esset
247 3620 327 3669 acuta
354 3607 402 3665 illa
436 3624 529 3685 gens,
570 3617 599 3663 at
627 3619 805 3669 controversa
828 3614 955 3687 ‚naturi,
985 3594 1074 3672 arteni

140 3732 171 3780 ct
194 3729 344 3798 praecepta
369 3714 499 3790 Siculos,
529 3713 701 3773 Coracem
719 3716 908 3785 et'l'isiam,
928 3720 1078 3799 conscrip-

143 3826 249 3889 sisse.''
290 3828 331 3904 (6)
352 3826 388 3885 de
407 3826 441 3883 N.
466 3824 503 3882 D.
528 3824 565 3900 ΙΙ,
591 3823 642 3883 59.
685 3823 726 3900 (7)
741 3824 776 3885 de
791 3824 870 3886 Orat.
882 3828 918 3904 ΙΙ,
936 3830 988 3889 ΙΙ.
1033 3829 1080 3907 (8),

144 3939 224 4000 Orat.
264 3957 290 4000 c.
328 3938 380 4008 29.
415 3936 450 3998 de
483 3935 539 3997 Off.
569 3936 605 4012 ΙΙ,
642 3937 689 4006 ΙΙ,
714 3936 749 3998 de
773 3934 851 3999 Orat.
870 3940 893 4016 1,
917 3941 947 4010 9,
972 3941 1070 4007 Brut.

141 4067 168 4107 c.
199 4048 228 4105 6.
