2817 5009
758 452 820 517 112

318 655 469 728 quantem
489 653 625 725 segregat
635 640 675 707 ab
687 651 810 705 oratore
829 630 1141 703 Aristoteles.—-
1154 634 1268 723 Quare

318 755 460 846 primum
487 752 528 818 ad
553 752 686 819 heroum
708 774 764 819 nos
794 747 945 839 (dactyli,
970 764 1003 815 et
1027 749 1207 839 anapaesti,
1233 765 1267 815 et

318 867 452 957 spondei
474 865 605 960 pedem)
626 867 758 938 invitat:
781 867 816 931 in
836 888 902 953 quo
913 866 1046 957 impune
1058 860 1208 956 progredi
1219 862 1265 929 li-

318 999 369 1049 eet
389 980 455 1049 dno
478 981 632 1048 duntaxat
648 979 767 1073 pedes,
791 994 846 1045 aut
866 977 972 1071 paullo
998 976 1092 1071 plus,
1111 1000 1153 1043 ne
1169 976 1265 1068 plane

318 1102 353 1165 in
375 1123 521 1182 versum,
543 1116 598 1165 aut
624 1095 863 1164 similitudinem
884 1119 1034 1164 versuum
1046 1092 1261 1180 incidamus,”

317 1232 351 1279 et
387 1216 422 1279 in
452 1218 585 1280 Oratore
620 1212 669 1304 (l)
697 1214 767 1303 ipse
800 1212 980 1281 Cicero:
1018 1212 1121 1301 „Qui
1143 1234 1264 1303 paeom

319 1345 544 1421 praetereunt,
565 1353 632 1397 non
653 1326 765 1396 vident
787 1327 1003 1396 mollissimum
1029 1354 1046 1394 a
1067 1351 1132 1405 sese
1143 1350 1261 1393 onmes

319 1473 410 1525 rum,
447 1446 649 1538 eundemque
679 1446 905 1537 amplissimum
940 1448 1114 1537 praeteriri.
1159 1444 1262 1535 Quod

319 1562 411 1648 longe
445 1562 686 1631 Aristoteli
724 1560 850 1628 videtur
881 1584 990 1645 secus,
1025 1563 1083 1653 qui
1113 1557 1261 1648 judicat,

320 1677 454 1745 heroum
474 1702 644 1743 numerum
667 1673 886 1763 grandiorem,
917 1700 1014 1765 quam
1035 1673 1195 1742 desideret
1210 1699 1261 1743 so·

320 1792 386 1859 luta
419 1794 539 1878 oratio,
571 1792 721 1881 jambam
753 1808 859 1858 antem
890 1768 986 1856 nimis¹
1015 1814 1034 1857 e
1065 1788 1186 1877 vulgari
1204 1814 1264 1857 esse

257 1963 262 1979 ,
321 1930 472 1975 sermone.
519 1907 566 1973 Ita
587 1931 693 1996 neque
713 1904 891 1989 humilem,
916 1920 949 1971 et
969 1904 1262 1993 abjectamoratio·

321 2048 417 2108 nem,
452 2049 512 2092 neo
542 2025 635 2091 nimis
669 2025 762 2092 altam
799 2039 832 2090 et
866 2042 1081 2111 exaggeratam
1117 2019 1259 2115 probat:
1319 2075 1324 2082 .

322 2140 449 2228 plenam
472 2156 576 2204 tamen
597 2163 667 2204 eam
678 2139 747 2206 vult
768 2164 832 2206 esse
853 2140 1031 2227 gravitatis,
1062 2155 1098 2205 ut
1117 2164 1187 2224 eos,
1208 2142 1264 2230 qui

322 2249 451 2318 audient
477 2256 518 2316 ad
537 2254 687 2340 majorem
704 2251 944 2321 admirationem
966 2256 1064 2344 possit
1088 2253 1262 2322 traducere.

325 2367 527 2433 Troohaeum
560 2383 686 2450 autem,
728 2369 784 2457 qni
814 2385 861 2434 est
890 2366 1001 2437 eodem
1037 2370 1161 2460 spatio,
1196 2394 1261 2459 quo

324 2480 480 2563 choreus,
529 2480 695 2570 eordacem
729 2483 887 2577 appellat,
919 2485 994 2573 quia
1026 2485 1199 2553 contractio
1229 2500 1261 2551 et

324 2599 457 2666 brevitas
486 2596 672 2685 dignitatem
708 2623 774 2666 non
803 2598 926 2667 habeat
971 2602 1018 2668 Ita
1041 2624 1159 2690 paeona
1178 2624 1259 2690 pro-

321 2714 396 2796 bat,
435 2736 536 2803 eoque
559 2716 601 2779 ait
622 2713 669 2779 nti
688 2738 817 2797 omnes,
841 2714 897 2781 sed
929 2716 1012 2808 ipsos
1034 2740 1099 2783 non
1121 2717 1259 2798 sentire,

322 2844 424 2917 quum
455 2844 606 2895 utantnra
651 2852 715 2895 esse
748 2845 851 2896 autem
883 2833 1012 2898 tertium
1045 2856 1081 2899 ao
1118 2829 1259 2897 medium

321 2947 512 3017 interillos:
542 2946 597 3015 sed
620 2950 662 3015 ita
683 2949 781 3017 laetos
806 2973 856 3016 eos
878 2946 977 3041 pedes
1000 2972 1080 3031 esse,
1101 2963 1138 3013 ut
1161 2948 1261 3014 ineis

322 3065 449 3153 singulis
470 3063 583 3133 modus
604 3066 678 3131 insit
698 3081 755 3133 aut
775 3064 970 3158 sesquiplex,
992 3080 1045 3130 aut
1057 3062 1194 3155 duplex,
1209 3079 1262 3129 ant

312 3170 416 3274 ⁸par.''
428 3222 475 3237 -·-
493 3187 588 3267 „Jam
611 3188 755 3274 paeon,''
777 3188 880 3278 pergit
892 3188 1062 3270 Cicero,
1076 3184 1126 3274 (2)
1146 3185 1262 3277 „quod

322 3300 427 3393 plures
460 3298 574 3364 habeat
606 3299 753 3388 syllabas,
794 3325 890 3389 quam
921 3319 1012 3387 tres,
1062 3327 1214 3369 numerus
1245 3330 1263 3369 a

325 3411 541 3505 quibusdam,
583 3436 649 3480 non
680 3439 737 3507 pes
775 3416 920 3486 habetur.
951 3413 1022 3486 'Est
1053 3416 1207 3510 quidem,
1227 3435 1264 3486 ut

197 3610 200 3615 Ι
298 3532 407 3630 'inter
443 3550 552 3595 omnes
587 3545 709 3596 constat
740 3533 907 3620 antiquos,
938 3531 1263 3618 Aristotelem,

325 3648 677 3742 Theophrastum,
698 3650 1007 3740 Theodectem,
1032 3652 1260 3746 Ephorum,

328 3822 558 3843 unua—affl

364 3938 404 4014 (l)
424 3956 451 3997 e.
475 3939 526 3997 57.
553 3938 597 4000 Cl.
620 3939 772 4017 Harles,
804 3942 838 4001 ad
869 3941 945 4003 cic.
969 3944 1004 4005 de
1027 3943 1106 4005 Orat.
1137 3945 1258 4022 111,st

322 4047 362 4125 (2)
385 4038 465 4111 Orat.
490 4066 518 4106 o.
548 4047 599 4107 bl.
