2817 5009
819 464 861 531 66

380 642 588 716 dialectics
614 654 704 716 ratio
730 654 766 715 ἐπ
792 652 912 717 ceteris
937 644 1105 713 Ciceronis
1125 649 1270 735 scriptis.

410 876 467 942 Ob
494 900 654 947 summurn
675 877 851 946 dialectices
876 901 952 945 oum
973 874 1153 967 eloquentia
1175 878 1307 945 ceteris-

369 1012 434 1078 que
465 989 619 1062 doctrinis
642 992 806 1063 vinculum
829 994 866 1059 in
888 991 952 1057 aliis
981 1014 1113 1082 quoqne
1141 992 1303 1059 Cicero-

369 1106 432 1172 nis
459 1107 606 1197 scriptis,
638 1106 795 1196 imprimis
819 1107 951 1173 veroin
975 1104 1064 1171 libris
1088 1103 1129 1171 de
1153 1108 1307 1185 Oratore,

368 1219 469 1288 multa
500 1220 673 1289 dialectices
714 1238 884 1313 praecepta
918 1217 1199 1311 deprehendimus.
1245 1222 1302 1286 In-

368 1332 515 1401 veniendi
551 1334 630 1404 adeo
660 1352 765 1425 partes
802 1334 972 1403 traduntur
1004 1335 1205 1420 Antonio,
1252 1337 1304 1427 qui

369 1452 493 1533 omnia,
516 1474 534 1516 e
554 1451 672 1543 quibus
692 1466 875 1537 argumenta
893 1448 932 1516 ad
940 1448 1090 1537 judicum
1104 1451 1223 1519 animos
1232 1476 1300 1518 tuo·

367 1565 488 1632 vendes
512 1583 545 1633 et
576 1564 788 1633 conciliandos
810 1567 879 1633 erui
902 1567 1043 1657 possint,
1082 1568 1299 1657 persequitur:

367 1681 523 1767 „Locis”
555 1683 642 1748 enim
673 1730 699 1766 ,‚
713 1684 746 1748 in
768 1698 873 1749 mente
897 1698 929 1747 et
955 1682 1139 1769 cogitatione
1164 1680 1325 1765 defixis,.

366 1797 454 1861 etin
483 1798 569 1892 omni
594 1820 629 1862 re
651 1795 692 1863 ad
715 1794 891 1865 dicendum
914 1797 1015 1888 posita
1033 1796 1195 1893 excitatis,
1225 1795 1303 1862 nihil
1393 1828 1394 1831 ¹

365 1912 446 1996 erit,
470 1910 559 2005 quod
581 1929 736 1980 oratorem
757 1910 894 1999 effugere
915 1912 1033 2001 possit,
1064 1936 1129 1978 non
1151 1910 1249 1979 modo
1271 1913 1302 1977 in

366 2027 544 2095 forensibus
574 2026 876 2117 disceptationibus,
918 2023 973 2092 sed
1006 2028 1137 2093 omnino
1178 2028 1212 2093 in
1243 2026 1302 2094 ulio

367 2166 480 2229 genere
501 2140 655 2209 dicendi”
678 2142 740 2229 (l).
765 2142 766 2147 ’
787 2142 833 2207 Ut
849 2138 1100 2209 'Aristoteles
1122 2142 1156 2209 in
1176 2142 1299 2211 Rheto-
1394 2202 1395 2217 ,

367 2258 440 2323 ricis
473 2256 545 2345 (2),
580 2257 622 2321 ita
652 2255 815 2322 Cicero
849 2257 883 2320 in
916 2256 1003 2323 libris
1023 2255 1064 2322 de
1086 2260 1221 2324 Oratore
1244 2259 1300 2324 sub

367 2372 560 2440 Antonii
592 2394 726 2463 persona
749 2369 858 2439 eadem
876 2373 1024 2459 attingit,
1048 2396 1128 2461 qnae
1152 2374 1250 2440 fusius
1270 2374 1301 2438 in

363 2487 452 2553 libris
474 2484 515 2552 de
535 2486 721 2556 inventione
745 2488 941 2579 exposuerat.
1050 2526 1052 2529 ·
1281 2484 1295 2493 ”

409 2602 522 2693 Quum
547 2600 764 2671 Antonius
794 2601 884 2669 initio
905 2626 976 2667 suae
998 2600 1217 2696 disputationis
1236 2602 1301 2670 duo

365 2734 491 2785 tantum
534 2718 636 2807 prima
679 2741 789 2803 genera
834 2718 1076 2809 quaestionum,
1112 2719 1145 2785 in
1183 2720 1300 2809 quibus

363 2832 541 2923 eloquentia
574 2848 768 2915 versaretur,
804 2858 905 2899 unum
938 2832 1123 2919 infinitum,
1165 2835 1297 2903 alterum
1392 2904 1393 2921 ἶ

363 2966 510 3033 certum,
541 2972 605 3015 esse
635 2951 811 3034 statuisset3
851 2953 978 3017 tertium
997 2976 1094 3035 vero,
1116 2979 1133 3019 a
1155 2955 1298 3021 Crasso

360 3067 445 3133 libro
465 3066 570 3155 primo
589 3078 728 3148 tactum,
746 3066 791 3130 ab
811 3064 1065 3133 Aristotele
1090 3092 1222 3161 quoque
1234 3068 1294 3135 ad·
1392 3146 1393 3163 χ

356 3179 531 3269 junctum,
552 3196 589 3244 nt
610 3180 717 3245 nrinus
742 3181 948 3247 necessarium
970 3182 1115 3267 rejiciens
1136 3182 1183 3251 tel
1197 3186 1298 3273 potius
1392 3184 1393 3215 ³

357 3318 522 3363 secernens
543 3292 615 3380 (3),
652 3294 829 3359 suasionum
849 3314 1017 3385 praecepta
1042 3323 1115 3365 cum
1136 3298 1292 3367 laudatio·
1391 3330 1392 3369 t

357 3413 453 3477 nibus
478 3408 711 3495 conjunxisset3
749 3411 909 3480 Cicero
939 3413 987 3479 his
1013 3416 1164 3484 Crassi
1193 3421 1293 3486 verbis

356 3552 443 3594 suam
461 3525 648 3593 sententiam
669 3529 819 3619 expressit
838 3528 907 3620 (4):
955 3532 1063 3617 „Esse
1084 3534 1175 3601 etiam
1196 3559 1292 3623 genus

355 3704 589 3722 ιιι-ῃ

395 3810 435 3885 (t)
458 3810 492 3870 de
512 3809 593 3871 Orat.
617 3811 652 3886 ΙΙ,
678 3814 730 3873 tt.
754 3812 798 3873 Cs.
826 3812 898 3891 disp.
925 3832 955 3873 n.
982 3833 1012 3891 p.
1045 3814 1095 3873 tt.
1140 3815 1180 3894 (ᾖ)
1207 3815 1289 3877 ntea.

351 3921 388 3995 li,
417 3919 469 3979 st.
515 3922 554 3997 (ὅ)
577 3921 612 3981 de
640 3920 715 3982 stat.
743 3923 779 3997 ll,
814 3923 850 3981 to
876 3935 903 3981 ct
928 3922 979 3983 tt.
1025 3925 1158 4001 (tttbid.
1189 3928 1212 4005 Ι,
1240 3928 1290 3989 st.

351 4030 405 4089 Cff.
435 4030 481 4119 ili,
510 4030 561 4096 97,
588 4031 622 4089 de
650 4033 707 4092 inv.
734 4033 756 4107 l,
789 4032 819 4107 8,
852 4033 922 4108 Top.
951 4053 977 4092 c.
1006 4033 1058 4091 2¹.

1383 4532 1389 4683 t

1385 4792 1388 4983 r
