2817 5009
801 449 854 499 m

681 615 883 675 CAPUT
919 617 966 674 Vl.

544 770 686 815 nicanorus
708 774 736 813 ln'
757 773 966 815 rumosortuau
987 774 1105 816 ΙΕΙΠΔ.

400 895 590 955 Ciceronis
611 890 821 970 philosophandi
846 891 927 950 ratio.
971 892 1050 961 Quae
1074 892 1294 956 Aristotelis

358 978 458 1057 scripta
489 976 605 1052 legisse,
629 990 699 1051 quae
720 972 828 1031 novisse
858 973 994 1053 videatur.
1020 975 1186 1050 Argumenta
1197 992 1294 1039 contro

359 1058 536 1134 Madvigii
558 1053 736 1115 senientiam.
757 1051 950 1112 Ciceronis
977 1054 1051 1112 uaria
1067 1054 1294 1135 pbilosophorum
1356 1052 1361 1063 '

358 1140 457 1217 placita
482 1136 643 1196 conciliandi
663 1134 847 1213 propositum.
891 1132 998 1195 Primo
1022 1146 1144 1197 naturae
1168 1139 1203 1197 ab
1219 1140 1293 1199 liri-

360 1221 496 1280 stotele
518 1218 628 1277 minime
650 1216 787 1293 neglecta.
831 1216 919 1295 liujus
942 1217 1047 1277 etbiccs
1068 1217 1210 1279 doctrinae
1225 1221 1298 1281 cba-

358 1315 459 1361 racter.
503 1301 576 1359 Inter
616 1299 676 1377 ejus
720 1297 805 1356 libros
847 1296 978 1357 Politicos
1018 1311 1100 1376 atque
1125 1300 1293 1362 Nicoma-

358 1384 447 1443 chea
489 1380 626 1441 vinculum
657 1378 851 1441 arctissimum.
876 1410 922 1447 -,
944 1399 980 1439 ou
1001 1398 1134 1441 nimios
1153 1400 1292 1443 rmroso-

359 1484 437 1525 rurs.
453 1496 494 1511 -
516 1462 576 1521 Non
597 1460 663 1521 satis
691 1458 743 1519 sibi
767 1458 888 1518 constitit
915 1459 1046 1519 Cicero
1076 1460 1104 1519 in
1138 1462 1221 1523 uariis
1242 1483 1293 1523 se-

357 1546 409 1606 ctis
429 1542 621 1625 dijudicandis.
644 1541 685 1599 De
709 1558 816 1599 summo
845 1541 919 1599 bono
939 1541 1156 1604 Aristotelis
1181 1556 1210 1603 et
1232 1544 1293 1605 Ci-

358 1626 506 1687 ceronis
526 1622 688 1685 sententiae.
743 1621 784 1681 De
805 1621 904 1680 virtute
929 1626 1079 1707 διανοητικῇ
1098 1636 1181 1703 atque
1202 1633 1287 1696 ἠθική.

358 1708 505 1786 Tripartita
539 1705 646 1765 virtutis
686 1701 841 1780 dispositio.
892 1702 1104 1763 Aristotelis
1126 1718 1155 1765 ct
1186 1696 1292 1766 Cice-

357 1789 454 1849 ronis
475 1788 584 1848 libellus
607 1786 642 1845 de
664 1784 826 1843 Virtutibus.
848 1783 1001 1861 Praecepta
1015 1785 1150 1862 quaedam
1166 1803 1201 1847 ex
1215 1790 1292 1846 Ari-

357 1870 508 1932 stotelis
530 1867 654 1928 doctriua
679 1866 770 1925 etbica
796 1864 824 1922 in
847 1865 924 1925 libris
952 1866 987 1924 de
1009 1865 1112 1925 Natura
1130 1867 1250 1927 Deorum
1264 1882 1293 1927 et

357 1955 386 2013 in
411 1952 542 2013 Oratione
571 1967 623 2027 pro
648 1948 806 2007 Murena.
834 1946 1079 2024 Peripateticorum
1101 1950 1236 2009 sententia
1256 1953 1292 2010 de

358 2032 617 2113 perturbationibus.
660 2029 842 2105 Comparatio
874 2026 1022 2105 disputatio
1051 2027 1087 2086 de
1127 2029 1182 2089 boc
1211 2050 1293 2111 amu-

357 2128 450 2175 mento
478 2110 691 2172 Aristotelis
721 2110 749 2166 in
787 2108 1037 2168 Nicomacbeis
1057 2127 1121 2168 cum
1143 2110 1293 2173 Cicero-

359 2198 414 2257 nis
434 2194 649 2253 Tusculanarum
679 2190 750 2249 libro
778 2203 885 2265 quarto.
902 2221 943 2235 -
963 2210 1001 2248 ou
1029 2208 1206 2253 insomnes
1225 2214 1293 2254 rnr-

359 2294 506 2337 rosorura.
522 2305 564 2319 -
585 2272 664 2333 Unde
691 2270 828 2329 Cicero
859 2270 1047 2347 grauissimam
1074 2272 1150 2332 illam
1174 2288 1293 2336 conten-

359 2360 461 2419 tionem
500 2357 536 2414 dc
572 2354 641 2413 ideis
666 2352 862 2410 Platonem
886 2353 957 2411 inter
983 2364 1012 2411 et
1039 2353 1291 2417 Aristotelem

318 2428 321 2439 .
355 2440 442 2500 verbo
466 2450 570 2497 tantum
591 2433 731 2513 attigerit?
762 2430 938 2493 Tusculanos
953 2430 1146 2507 Quaestionem
1160 2468 1203 2483 -
1217 2439 1292 2499 bri·

356 2520 551 2582 stotelesne
587 2516 706 2575 animum
748 2513 929 2575 immortalem
960 2534 1022 2574 esse
1061 2517 1213 2577 statuerit?
1246 2518 1290 2580 De

355 2603 475 2665 Natura
512 2598 649 2659 Deorum.
663 2628 704 2643 -
740 2596 929 2656 liecenseutur
951 2598 1014 2657 loca
1033 2596 1133 2675 quibus
1156 2600 1288 2661 Cicero

356 2680 579 2745 Aristotelis
617 2682 653 2737 de
687 2679 769 2752 Dco,
800 2678 836 2737 de
874 2679 999 2753 mundo,
1036 2692 1135 2745 motu,
1172 2682 1286 2759 spatio,

354 2766 545 2841 sideribusque
584 2760 746 2821 sententiam
780 2758 831 2818 sibi
856 2759 1033 2838 proposuisse
1053 2760 1170 2821 videtur.
1214 2763 1288 2835 Quid

353 2849 391 2909 de
419 2846 573 2924 Orpheo
599 2846 682 2922 potita
707 2840 845 2901 censuerit
872 2842 1119 2901 Aristoteles?
1139 2844 1288 2905 Aristo-

353 2929 445 2990 telis
475 2925 620 3006 praeclara
650 2921 784 2983 seuteuria
805 2922 841 2981 de
863 2922 954 2982 divina
981 2936 1077 2982 natura
1099 2940 1182 3000 quam
1205 2928 1287 2989 nobis

353 3011 473 3072 servavit
502 3007 647 3068 Cicero.
701 3002 853 3081 Praecipua
886 3004 947 3064 loca
980 3024 996 3063 a
1030 3003 1223 3067 Cicerone
1251 3029 1286 3071 ex

353 3090 567 3157 Aristotelis
598 3087 676 3148 libris
714 3086 750 3145 de
789 3084 908 3143 Historia
945 3085 1110 3145 animalium
1148 3087 1285 3152 desumta.

354 3173 437 3235 Libri
467 3170 772 3234 coniunctiorem
792 3164 998 3225 Aristotelis
1017 3166 1198 3244 fragmentum
1226 3181 1285 3253 περὶ

353 3269 400 3325 τῆς
429 3255 483 3315 καθ’
504 3257 584 3311 ὕπνον
603 3258 749 3328 μαντικῆς,
771 3245 831 3323 ejus
849 3246 1022 3307 Problemata
1046 3260 1075 3307 el
1094 3249 1204 3311 libellus
1225 3261 1284 3333 περὶ

351 3340 485 3395 ἐνυπνίων.
508 3330 701 3405 Fragmentum
738 3343 772 3385 ex
803 3327 1026 3389 Aristotelis
1046 3328 1182 3389 Eudemo.
1226 3332 1285 3391 lm-

352 3414 503 3490 probantur
526 3429 541 3468 a
567 3406 757 3486 Peripateticis
778 3408 924 3468 artificiosa
949 3410 1086 3470 diriumdi
1106 3430 1219 3488 genera.
1242 3413 1286 3475 De

352 3493 437 3554 Fato.
452 3525 494 3539 -
515 3489 708 3551 Ciceronis
729 3489 818 3566 locus,
843 3508 926 3568 qoem
947 3492 1029 3550 variis
1051 3492 1287 3554 modistentarunt

352 3577 526 3654 interpretes.
555 3571 771 3631 Aristotelis
792 3573 827 3632 de
848 3574 905 3633 lato
930 3571 1074 3632 sententia.
1118 3571 1197 3651 Opus
1225 3584 1284 3654 περὶ

353 3662 491 3737 ἱρμενείας.
512 3653 625 3715 Incerta
651 3653 790 3732 quaedum
813 3656 973 3733 srapmmla
984 3671 1023 3713 ex
1036 3651 1200 3716 Attbloiolt's
1213 3658 1285 3715 xri·

346 3739 419 3815 plis.
434 3768 476 3783 -
493 3737 532 3796 Ex
543 3736 619 3796 libris
629 3736 665 3797 de
675 3733 790 3797 Officiis.
808 3735 1065 3795 Exllortensio.
1082 3756 1112 3815 p.
1131 3737 1282 3797 leb-207.

684 3955 948 3997 ...4—
