2817 5009
823 433 868 497 46

373 630 474 714 μαῖον,
502 625 547 691 τὸν
577 620 777 713 Φιλάδελφον,
804 627 881 689 πάνυ
903 618 1111 689 ἐσπουδακέναι
1140 622 1210 713 φασὶ
1239 624 1308 715 cepi

372 753 410 815 τὰ
425 744 629 841 Ἀριςοτιλννιά
644 754 879 840 συγγράμματα,
905 749 945 823 ὡς
962 749 1011 813 καὶ
1042 748 1107 839 περὶ
1138 752 1177 816 τὰ
1192 752 1306 840 λοιπὰ,

272 876 278 882 '
372 874 420 939 καὶ
451 884 591 966 χρήματα
614 872 729 941 διδόναι
759 877 816 949 τοῖς
841 874 1047 966 προσφέρουσιν
1080 874 1160 963 αὐτῷ
1185 874 1305 962 βίβλους

370 1005 419 1066 τοῦ
437 1000 599 1089 φιλοσόφον.
623 1039 666 1052 --
691 994 829 1085 'Ausim
860 996 962 1087 φασὶν,
989 999 1018 1063 ἐν
1044 1006 1079 1087 τῇ
1107 999 1224 1088 ursaia
1250 998 1305 1085 βι-

367 1123 509 1214 βλιοθήκῃ
554 1125 688 1215 εὑρῆθαι.
748 1116 946 1190 Ἀναλυτικῶν
985 1126 1053 1213 μὲν,
1091 1132 1304 1218 τεσσαράκοντα

369 1245 505 1333 βίβλους,
532 1250 723 1339 Κατηγοριῶν
737 1245 772 1314 δὲ
797 1246 876 1336 δύο,
910 1266 1064 1343 apparet,
1087 1248 1181 1339 plura
1205 1252 1301 1320 Ari-

367 1361 549 1432 stotelis
573 1366 712 1457 scripta,
735 1368 904 1460 praecipue
927 1390 1000 1434 vero
1023 1364 1140 1455 logica,
1160 1367 1299 1436 Alexan-

369 1477 455 1546 driae
476 1481 657 1546 innotuisse.

412 1602 463 1667 Ex
482 1602 519 1667 iis
538 1625 738 1693 quaesuprru
758 1605 914 1696 imprimis
935 1602 976 1671 de
995 1602 1101 1673 indole
1127 1612 1185 1674 τῶν
1209 1609 1301 1699 λόγων

367 1724 567 1825 όικροατικῶν,
593 1730 719 1811 monui,
751 1728 821 1793 satis
853 1727 975 1818 liquet,
998 1752 1111 1795 vanam
1145 1728 1217 1798 fieri
1241 1735 1302 1800 ob-

361 1850 549 1937 jectionem,
569 1872 586 1913 a
607 1841 836 1929 Madvigio
856 1839 907 1931 (l)
929 1865 968 1909 ex
995 1838 1230 1912 Ciceronis
1256 1844 1303 1935 (2)

368 1964 470 2029 verbis
500 1961 626 2050 „quod
652 1964 690 2025 in
708 1962 954 2024 commentaria
985 1960 1221 2048 reliquerunt”
1244 1960 1303 2030 de·

364 2096 519 2158 sumtum,
549 2101 613 2166 qua
649 2072 837 2142 contendit:
879 2121 903 2157 „
925 2074 1044 2161 Injuria
1080 2075 1304 2146 Stahrium

370 2191 515 2278 (Arist.
540 2192 580 2273 ΙΙ,
605 2214 641 2281 p.
665 2192 723 2276 35)
750 2213 896 2275 negasse,
922 2193 962 2256 ab
996 2190 1060 2259 ullo
1084 2209 1189 2260 vetere
1223 2197 1302 2263 scri-

368 2325 461 2401 ptore
474 2307 588 2399 apertis
609 2306 711 2372 verbis
725 2303 829 2390 tradi,
853 2304 942 2397 quod
968 2307 1126 2376 Strabo
1148 2309 1304 2397 significat

369 2427 404 2491 in
438 2424 598 2490 notissima
634 2423 834 2500 narratione,
869 2423 1174 2493 Aristotelem
1208 2426 1304 2495 libros
1389 2463 1390 2510 3

1335 2057 1341 2070 ·

367 2566 436 2609 suos
460 2539 584 2627 majoris
605 2540 758 2604 momenti
769 2535 940 2629 plerosque
963 2563 1028 2605 non
1048 2541 1155 2631 ipsum
1182 2540 1302 2610 edidis·
1389 2611 1390 2644 ¹

366 2660 446 2743 sc3''
483 2680 542 2723 nec
572 2655 666 2721 etiam
686 2677 768 2745 opus
790 2677 854 2719 essa
876 2653 1121 2721 Niebuhrii
1147 2655 1196 2746 (3)
1221 2684 1300 2726 con-

364 2776 512 2861 jecturae
537 2770 634 2853 „Eos
655 2769 751 2838 libros
775 2766 840 2837 dici
862 2770 897 2835 in
918 2771 1147 2838 commentariis
1170 2772 1302 2858 relictos,

367 2911 448 2979 quos
482 2882 757 2953 Aristoteles
793 2898 826 2948 et
856 2882 1218 2973 Theophrastus
1239 2914 1302 2956 non

364 3006 494 3087 statim,
526 3026 630 3093 quum
662 3001 775 3091 scripti
807 3016 927 3085 essent,
951 2998 1135 3082 ediderint,
1160 3003 1217 3070 sed
1244 3006 1300 3071 ati-

366 3118 521 3215 quamdiu
533 3118 722 3215 retinuerint
745 3133 778 3181 et
789 3114 926 3181 subinde
947 3116 1184 3185 emendaverint
1194 3123 1232 3205 ;'’
1244 3146 1302 3210 pro

364 3234 528 3328 discipulis
564 3234 651 3297 enim
682 3228 789 3312 edita,
824 3253 885 3318 pro
910 3231 1001 3318 vulgo
1026 3231 1165 3319 inedita,
1188 3239 1300 3327 scripta

365 3343 638 3419 Aristotelis
672 3361 772 3411 erant.

408 3466 456 3533 Ita
481 3448 611 3554 duoque
630 3464 715 3548 jacet
744 3461 853 3552 opinio
877 3487 975 3552 quam
996 3463 1103 3555 paullo
1114 3465 1242 3533 inferius
1262 3468 1300 3533 de

364 3578 476 3649 eodem
514 3576 577 3647 hoc
612 3578 850 3645 Ciceronis
881 3578 952 3646 loco
973 3578 1231 3669 Madvigius
1253 3583 1297 3674 (4)

365 3870 558 3887 m

405 3952 447 4025 ιιι
476 3946 547 4007 raa.
576 3944 636 4023 vu,
660 3965 690 4024 p.
709 3944 781 4008 aaa.
827 3946 869 4024 (ν)
891 3945 1011 4009 narra.
1024 3948 1060 4025 v,
1078 3950 1108 4009 a.
1154 3952 1195 4029 ‹a›
1218 3952 1296 4017 raa.

365 4064 467 4143 caan
498 4063 521 4138 r,
555 4081 584 4139 p.
616 4061 665 4129 ao,
690 4060 743 4121 nc.
774 4060 806 4119 ν.
851 4063 891 4138 (ι)
914 4062 961 4121 u.
989 4082 1019 4141 p.
1053 4063 1125 4123 aar.

365 3694 525 3786 protulit:
571 3741 594 3779 ,‚
616 3694 728 3783 Itaque
763 3717 889 3784 pannus
912 3692 966 3762 hic
990 3711 1118 3763 ornatus
1138 3696 1300 3769 adventicii

1387 3783 1390 3972 i
